<?xml version="1.0" encoding="UTF-8"?>
<record xmlns="http://www.loc.gov/MARC21/slim" xmlns:xsi="http://www.w3.org/2001/XMLSchema-instance" xsi:schemaLocation="http://www.loc.gov/MARC21/slim   http://www.loc.gov/standards/marcxml/schema/MARC21slim.xsd">
<leader>     cem  2200193Ia 4500</leader>
<controlfield tag="001">012799940-X</controlfield>
<controlfield tag="005">20110719142321.0</controlfield>
<controlfield tag="008">730829s1775^^^^enkie^^^^^a^^^^^0^^^eng^^</controlfield>
<datafield ind1=" " ind2=" " tag="043">
<subfield code="a">n-us-fl</subfield>
<subfield code="a">n-us-la</subfield>
<subfield code="a">nwbf---</subfield>
</datafield>
<datafield ind1=" " ind2=" " tag="052">
<subfield code="a">3932</subfield>
<subfield code="b">C6</subfield>
</datafield>
<datafield ind1=" " ind2=" " tag="052">
<subfield code="a">4980</subfield>
</datafield>
<datafield ind1=" " ind2=" " tag="090">
<subfield code="a">G3932.C6 1775</subfield>
<subfield code="b">.J4</subfield>
</datafield>
<datafield ind1="1" ind2=" " tag="100">
<subfield code="a">Jefferys, Thomas,</subfield>
<subfield code="d">-1771.</subfield>
</datafield>
<datafield ind1="1" ind2="4" tag="245">
<subfield code="a">The Peninsula and Gulf of Florida or Channel of Bahama with the Bahama Islands /</subfield>
<subfield code="c">By Thos. Jefferys.</subfield>
</datafield>
<datafield ind1=" " ind2=" " tag="255">
<subfield code="a">Scale [ca. 1:1,390,000].</subfield>
</datafield>
<datafield ind1=" " ind2=" " tag="260">
<subfield code="a">London,</subfield>
<subfield code="b">Printed for Robt. Sayer, map and printseller,</subfield>
<subfield code="c">1775.</subfield>
</datafield>
<datafield ind1=" " ind2=" " tag="300">
<subfield code="a">1 map ;</subfield>
<subfield code="c">48 x 61 cm.</subfield>
</datafield>
<datafield ind1=" " ind2=" " tag="500">
<subfield code="a">Relief shown pictorially. Soundings shown in fathoms. "The soundings along the Florida coast, shoals, islands, and reefs are in feet."</subfield>
</datafield>
<datafield ind1=" " ind2=" " tag="500">
<subfield code="a">Includes ill. of ships.</subfield>
</datafield>
<datafield ind1=" " ind2=" " tag="530">
<subfield code="a">Also available online.</subfield>
</datafield>
<datafield ind1=" " ind2="0" tag="650">
<subfield code="a">Nautical charts</subfield>
<subfield code="z">Florida</subfield>
<subfield code="z">Gulf Coast</subfield>
<subfield code="v">Early works to 1800.</subfield>
</datafield>
<datafield ind1=" " ind2="0" tag="651">
<subfield code="a">Bahamas</subfield>
<subfield code="x">Maps</subfield>
<subfield code="v">Early works to 1800.</subfield>
</datafield>
<datafield ind1=" " ind2="0" tag="651">
<subfield code="a">Gulf Coast (Fla.)</subfield>
<subfield code="x">Maps</subfield>
<subfield code="v">Early works to 1800.</subfield>
</datafield>
<datafield ind1=" " ind2="0" tag="655">
<subfield code="a">Early maps.</subfield>
</datafield>
<datafield ind1="1" ind2=" " tag="700">
<subfield code="a">Sayer, Robert,</subfield>
<subfield code="d">1725-1794.</subfield>
</datafield>
<datafield ind1=" " ind2="0" tag="830">
<subfield code="a">Harvard Map Collection digital maps.</subfield>
<subfield code="p">Florida.</subfield>
<subfield code="p">Gulf coast.</subfield>
<subfield code="5">net</subfield>
</datafield>
<datafield ind1=" " ind2="0" tag="830">
<subfield code="a">Harvard Map Collection digital maps.</subfield>
<subfield code="p">Bahamas.</subfield>
<subfield code="5">net</subfield>
</datafield>
<datafield ind1=" " ind2=" " tag="OWN">
<subfield code="a">MAP</subfield>
</datafield>
<datafield ind1=" " ind2=" " tag="XPR">
<subfield code="a">OCLC</subfield>
<subfield code="b">20110609</subfield>
</datafield>
<datafield ind1=" " ind2=" " tag="H08">
<subfield code="a">c</subfield>
<subfield code="b">20110609</subfield>
</datafield>
<datafield ind1="0" ind2=" " tag="852">
<subfield code="b">MAP</subfield>
<subfield code="c">MAPLC</subfield>
<subfield code="h">G3932.C6 1775</subfield>
<subfield code="i">.J4</subfield>
</datafield>
<datafield ind1=" " ind2=" " tag="H10">
<subfield code="a">O20110609^--^CA440</subfield>
<subfield code="b">20110609^0001^060001^F1100001^p0001-00-00-00^CA440</subfield>
<subfield code="e">^</subfield>
</datafield>
<datafield ind1=" " ind2=" " tag="OWN">
<subfield code="a">NET</subfield>
</datafield>
<datafield ind1="0" ind2=" " tag="506">
<subfield code="a">No restrictions on access copy.</subfield>
<subfield code="f">Unrestricted online access</subfield>
<subfield code="2">star</subfield>
<subfield code="5">MH</subfield>
</datafield>
<datafield ind1=" " ind2=" " tag="843">
<subfield code="a">Electronic reproduction.</subfield>
<subfield code="b">Cambridge, Mass. :</subfield>
<subfield code="c">Harvard Map Collection,</subfield>
<subfield code="d">2011.</subfield>
<subfield code="f">(Harvard Map Collection digital maps. Florida. Gulf coast).</subfield>
<subfield code="f">(Harvard Map Collection digital maps. Bahamas).</subfield>
<subfield code="7">s2011^^^^maun^s</subfield>
</datafield>
<datafield ind1=" " ind2=" " tag="852">
<subfield code="b">NET</subfield>
<subfield code="c">GEN</subfield>
</datafield>
<datafield ind1="4" ind2="1" tag="856">
<subfield code="z">Harvard Map Collection copy image</subfield>
<subfield code="u">http://nrs.harvard.edu/urn-3:FHCL:4925514?buttons=y</subfield>
</datafield>
<datafield ind1=" " ind2=" " tag="H08">
<subfield code="a">c</subfield>
<subfield code="b">20110719</subfield>
</datafield>
<datafield ind1=" " ind2=" " tag="H09">
<subfield code="k">netmap</subfield>
</datafield>
<datafield ind1=" " ind2=" " tag="H10">
<subfield code="a">O20110719^^CAS95</subfield>
<subfield code="c">20110719^000000^07^000000^n000000-00000-0000-000^F12^0000000^n0000000-000000-00000-0000^CAS95</subfield>
</datafield>
</record>