
<?xml version="1.0" encoding="UTF-8"?>
<record xmlns="http://www.loc.gov/MARC21/slim" xmlns:xsi="http://www.w3.org/2001/XMLSchema-instance" xsi:schemaLocation="http://www.loc.gov/MARC21/slim   http://www.loc.gov/standards/marcxml/schema/MARC21slim.xsd">
<leader>     nem  2200193Ia 4500</leader>
<controlfield tag="001">012782857-5</controlfield>
<controlfield tag="005">20110805192249.0</controlfield>
<controlfield tag="008">990106s1671^^^^ne^^^^^^^^a^^^^^0^^^lat^d</controlfield>
<datafield ind1="1" ind2=" " tag="034">
<subfield code="a">a</subfield>
<subfield code="b">15000000</subfield>
</datafield>
<datafield ind1="0" ind2=" " tag="035">
<subfield code="a">ocm40577912</subfield>
</datafield>
<datafield ind1=" " ind2=" " tag="040">
<subfield code="a">IUA</subfield>
<subfield code="c">IUA</subfield>
<subfield code="d">OCL</subfield>
<subfield code="d">OCLCQ</subfield>
<subfield code="d">OCLCG</subfield>
</datafield>
<datafield ind1=" " ind2=" " tag="043">
<subfield code="a">cc-----</subfield>
<subfield code="a">nm-----</subfield>
</datafield>
<datafield ind1=" " ind2=" " tag="052">
<subfield code="a">4390</subfield>
</datafield>
<datafield ind1=" " ind2=" " tag="052">
<subfield code="a">9112</subfield>
</datafield>
<datafield ind1=" " ind2=" " tag="090">
<subfield code="a">G4390 1671</subfield>
<subfield code="b">.J3</subfield>
</datafield>
<datafield ind1="1" ind2=" " tag="100">
<subfield code="a">Jansson, Jan,</subfield>
<subfield code="d">1588-1664.</subfield>
</datafield>
<datafield ind1="1" ind2="0" tag="245">
<subfield code="a">Insulae Americanae in Oceano Septentrionali cum terris adiacentibus.</subfield>
</datafield>
<datafield ind1=" " ind2=" " tag="255">
<subfield code="a">Scale [ca. 1:15,000,000].</subfield>
</datafield>
<datafield ind1=" " ind2=" " tag="260">
<subfield code="a">[Amsterdam :</subfield>
<subfield code="b">Jacob Meurs,</subfield>
<subfield code="c">1671]</subfield>
</datafield>
<datafield ind1=" " ind2=" " tag="300">
<subfield code="a">1 map ;</subfield>
<subfield code="c">28 x 35 cm.</subfield>
</datafield>
<datafield ind1=" " ind2=" " tag="500">
<subfield code="a">Appears in Montanus' De Nieuwe en Onbekende Weerld.</subfield>
</datafield>
<datafield ind1=" " ind2=" " tag="500">
<subfield code="a">"This is a reduced copy of Jansson, 1642, with the same title. Uses Spanish names for Florida coast." Cf. Lowery, WL165.</subfield>
</datafield>
<datafield ind1=" " ind2=" " tag="530">
<subfield code="a">Also available online.</subfield>
</datafield>
<datafield ind1=" " ind2="0" tag="651">
<subfield code="a">Mexico, Gulf of</subfield>
<subfield code="x">Maps</subfield>
<subfield code="v">Early works to 1800.</subfield>
</datafield>
<datafield ind1=" " ind2="0" tag="651">
<subfield code="a">Caribbean Area</subfield>
<subfield code="v">Maps</subfield>
<subfield code="v">Early works to 1800.</subfield>
</datafield>
<datafield ind1="1" ind2=" " tag="700">
<subfield code="a">Montanus, Arnoldus,</subfield>
<subfield code="d">1625?-1683.</subfield>
<subfield code="t">De Nieuwe en Onbekende Weerld.</subfield>
</datafield>
<datafield ind1="1" ind2=" " tag="700">
<subfield code="a">Meurs, Jacob van,</subfield>
<subfield code="d">1619-1680.</subfield>
</datafield>
<datafield ind1=" " ind2="0" tag="830">
<subfield code="a">Harvard Map Collection digital maps.</subfield>
<subfield code="p">Caribbean Area.</subfield>
<subfield code="5">net</subfield>
</datafield>
<datafield ind1=" " ind2="0" tag="830">
<subfield code="a">Harvard Map Collection digital maps.</subfield>
<subfield code="p">Mexico, Gulf of.</subfield>
<subfield code="5">net</subfield>
</datafield>
<datafield ind1=" " ind2=" " tag="OWN">
<subfield code="a">MAP</subfield>
</datafield>
<datafield ind1=" " ind2=" " tag="XPR">
<subfield code="a">OCLC</subfield>
<subfield code="b">20110524</subfield>
</datafield>
<datafield ind1=" " ind2=" " tag="H08">
<subfield code="a">c</subfield>
<subfield code="b">20110524</subfield>
</datafield>
<datafield ind1="0" ind2=" " tag="852">
<subfield code="b">MAP</subfield>
<subfield code="c">MAPLC</subfield>
<subfield code="h">G4390 1671</subfield>
<subfield code="i">.J3</subfield>
</datafield>
<datafield ind1=" " ind2=" " tag="H10">
<subfield code="a">O20110524^--^CA440</subfield>
<subfield code="b">20110524^0001^050001^F1100001^p0001-00-00-00^CA440</subfield>
<subfield code="e">4</subfield>
</datafield>
<datafield ind1=" " ind2=" " tag="OWN">
<subfield code="a">NET</subfield>
</datafield>
<datafield ind1="0" ind2=" " tag="506">
<subfield code="a">No restrictions on access copy.</subfield>
<subfield code="f">Unrestricted online access</subfield>
<subfield code="2">star</subfield>
<subfield code="5">MH</subfield>
</datafield>
<datafield ind1=" " ind2=" " tag="843">
<subfield code="a">Electronic reproduction.</subfield>
<subfield code="b">Cambridge, Mass. :</subfield>
<subfield code="c">Harvard Map Collection,</subfield>
<subfield code="d">2011.</subfield>
<subfield code="f">(Harvard Map Collection digital maps. Caribbean Area).</subfield>
<subfield code="f">(Harvard Map Collection digital maps. Mexico, Gulf of).</subfield>
<subfield code="7">s2011^^^^maun^s</subfield>
</datafield>
<datafield ind1=" " ind2=" " tag="852">
<subfield code="b">NET</subfield>
<subfield code="c">GEN</subfield>
</datafield>
<datafield ind1="4" ind2="1" tag="856">
<subfield code="z">Harvard Map Collection copy image</subfield>
<subfield code="u">http://nrs.harvard.edu/urn-3:FHCL:4925477?buttons=y</subfield>
</datafield>
<datafield ind1=" " ind2=" " tag="H08">
<subfield code="a">c</subfield>
<subfield code="b">20110718</subfield>
</datafield>
<datafield ind1=" " ind2=" " tag="H09">
<subfield code="k">netmap</subfield>
</datafield>
<datafield ind1=" " ind2=" " tag="H10">
<subfield code="a">O20110718^^CAS95</subfield>
<subfield code="c">20110718^000000^07^000000^n000000-00000-0000-000^F12^0000000^n0000000-000000-00000-0000^CAS95</subfield>
</datafield>
</record>