
<?xml version="1.0" encoding="UTF-8"?>
<record xmlns="http://www.loc.gov/MARC21/slim" xmlns:xsi="http://www.w3.org/2001/XMLSchema-instance" xsi:schemaLocation="http://www.loc.gov/MARC21/slim   http://www.loc.gov/standards/marcxml/schema/MARC21slim.xsd">
<leader>     cem  2200193Ia 4500</leader>
<controlfield tag="001">012787596-4</controlfield>
<controlfield tag="005">20110805192343.0</controlfield>
<controlfield tag="008">860428s1697^^^^ne^i^^^^^^a^^^^^0^^^lat^d</controlfield>
<datafield ind1="1" ind2=" " tag="034">
<subfield code="a">a</subfield>
<subfield code="b">6500000</subfield>
<subfield code="d">W0980000</subfield>
<subfield code="e">W0580000</subfield>
<subfield code="f">N0333000</subfield>
<subfield code="g">N0070000</subfield>
</datafield>
<datafield ind1="0" ind2=" " tag="035">
<subfield code="a">ocm13504562</subfield>
</datafield>
<datafield ind1=" " ind2=" " tag="040">
<subfield code="a">UIU</subfield>
<subfield code="c">UIU</subfield>
<subfield code="d">OCL</subfield>
<subfield code="d">OCLCQ</subfield>
<subfield code="d">OCLCG</subfield>
<subfield code="d">OCLCQ</subfield>
</datafield>
<datafield ind1="0" ind2=" " tag="041">
<subfield code="a">latdut</subfield>
</datafield>
<datafield ind1=" " ind2=" " tag="043">
<subfield code="a">cc-----</subfield>
</datafield>
<datafield ind1=" " ind2=" " tag="052">
<subfield code="a">4390</subfield>
</datafield>
<datafield ind1=" " ind2=" " tag="052">
<subfield code="a">4800</subfield>
</datafield>
<datafield ind1=" " ind2=" " tag="052">
<subfield code="a">4900</subfield>
</datafield>
<datafield ind1=" " ind2=" " tag="052">
<subfield code="a">9112</subfield>
</datafield>
<datafield ind1=" " ind2=" " tag="090">
<subfield code="a">G4390 1697</subfield>
<subfield code="b">.D3</subfield>
</datafield>
<datafield ind1="1" ind2=" " tag="100">
<subfield code="a">Danckerts, Cornelis,</subfield>
<subfield code="d">1664-1717.</subfield>
</datafield>
<datafield ind1="1" ind2="0" tag="245">
<subfield code="a">Insulae Americanae, nempe Cuba, Hispaniola Iamaica, Pto. Rico, Lucania, Antillae vulgo Caribae, Barlo-Et Sotto-Vento etc. /</subfield>
<subfield code="c">par Cornelium Danckerts.</subfield>
</datafield>
<datafield ind1="1" ind2="3" tag="246">
<subfield code="a">Stoel des oorlogs in America waar in vertoont werden alle desself voornaamste eylande</subfield>
</datafield>
<datafield ind1=" " ind2=" " tag="255">
<subfield code="a">Scale [ca. 1:6,500,000]</subfield>
<subfield code="c">(W 98⁰--W 58⁰/N 33⁰30ʹ--N 7⁰).</subfield>
</datafield>
<datafield ind1=" " ind2=" " tag="260">
<subfield code="a">Amstelodanum :</subfield>
<subfield code="b">C. Danckerts, Cum Privilegio,</subfield>
<subfield code="c">[1697?]</subfield>
</datafield>
<datafield ind1=" " ind2=" " tag="300">
<subfield code="a">1 map :</subfield>
<subfield code="b">hand col. ;</subfield>
<subfield code="c">46 x 56 cm.</subfield>
</datafield>
<datafield ind1=" " ind2=" " tag="500">
<subfield code="a">Relief shown pictorially.</subfield>
</datafield>
<datafield ind1=" " ind2=" " tag="500">
<subfield code="a">Prime meridian: [Ferro].</subfield>
</datafield>
<datafield ind1=" " ind2=" " tag="500">
<subfield code="a">Dutch title in upper margin: Stoel des oorlogs in America waar in vertoont werden alle desself voornaamste eylande, nieuwelycks uytgegeven door Cornelis Danckerts.</subfield>
</datafield>
<datafield ind1=" " ind2=" " tag="522">
<subfield code="a">Shows the area from Florida in the North to the nothern coast of South America.</subfield>
</datafield>
<datafield ind1=" " ind2=" " tag="500">
<subfield code="a">Probably detached from: Atlas. Amstelodami : Apud Cornelium Danckerts, [after 1696]. No. 3.</subfield>
</datafield>
<datafield ind1=" " ind2=" " tag="530">
<subfield code="a">Also available online.</subfield>
</datafield>
<datafield ind1="4" ind2=" " tag="510">
<subfield code="a">Atlantes Neerlandici,</subfield>
<subfield code="c">Vol. II, p. 92</subfield>
</datafield>
<datafield ind1=" " ind2="0" tag="651">
<subfield code="a">Mexico, Gulf of</subfield>
<subfield code="v">Maps</subfield>
<subfield code="v">Early works to 1800.</subfield>
</datafield>
<datafield ind1=" " ind2="0" tag="651">
<subfield code="a">Caribbean Area</subfield>
<subfield code="v">Maps</subfield>
<subfield code="v">Early works to 1800.</subfield>
</datafield>
<datafield ind1=" " ind2="0" tag="651">
<subfield code="a">West Indies</subfield>
<subfield code="v">Maps</subfield>
<subfield code="v">Early works to 1800.</subfield>
</datafield>
<datafield ind1=" " ind2="0" tag="651">
<subfield code="a">Central America</subfield>
<subfield code="v">Maps</subfield>
<subfield code="v">Early works to 1800.</subfield>
</datafield>
<datafield ind1="1" ind2=" " tag="700">
<subfield code="a">Danckerts, Cornelis,</subfield>
<subfield code="d">1664-1717.</subfield>
<subfield code="t">Atlas.</subfield>
</datafield>
<datafield ind1=" " ind2="0" tag="830">
<subfield code="a">Harvard Map Collection digital maps.</subfield>
<subfield code="p">Caribbean Area.</subfield>
<subfield code="5">net</subfield>
</datafield>
<datafield ind1=" " ind2="0" tag="830">
<subfield code="a">Harvard Map Collection digital maps.</subfield>
<subfield code="p">West Indies.</subfield>
<subfield code="5">net</subfield>
</datafield>
<datafield ind1=" " ind2="0" tag="830">
<subfield code="a">Harvard Map Collection digital maps.</subfield>
<subfield code="p">Central America.</subfield>
<subfield code="5">net</subfield>
</datafield>
<datafield ind1=" " ind2="0" tag="830">
<subfield code="a">Harvard Map Collection digital maps.</subfield>
<subfield code="p">Mexico, Gulf of.</subfield>
<subfield code="5">net</subfield>
</datafield>
<datafield ind1=" " ind2=" " tag="OWN">
<subfield code="a">MAP</subfield>
</datafield>
<datafield ind1=" " ind2=" " tag="XPR">
<subfield code="a">OCLC</subfield>
<subfield code="b">20110531</subfield>
</datafield>
<datafield ind1="0" ind2=" " tag="079">
<subfield code="a">ocm13504562</subfield>
</datafield>
<datafield ind1="2" ind2=" " tag="079">
<subfield code="a">ocn904902442</subfield>
</datafield>
<datafield ind1=" " ind2=" " tag="H08">
<subfield code="a">c</subfield>
<subfield code="b">20110531</subfield>
</datafield>
<datafield ind1="0" ind2=" " tag="852">
<subfield code="b">MAP</subfield>
<subfield code="c">MAPLC</subfield>
<subfield code="h">G4390 1697</subfield>
<subfield code="i">.D3</subfield>
</datafield>
<datafield ind1=" " ind2=" " tag="561">
<subfield code="a">Christophe Daniel Ebeling Collection, no. 4924. Gift of Israel Thorndike, 1818.</subfield>
<subfield code="5">map</subfield>
</datafield>
<datafield ind1=" " ind2=" " tag="H10">
<subfield code="a">M20110531^--^CA440</subfield>
<subfield code="b">20110531^0001^050001^F1100001^p0001-00-00-00^CA440</subfield>
<subfield code="e">I</subfield>
</datafield>
<datafield ind1=" " ind2=" " tag="OWN">
<subfield code="a">NET</subfield>
</datafield>
<datafield ind1="0" ind2=" " tag="506">
<subfield code="a">No restrictions on access copy.</subfield>
<subfield code="f">Unrestricted online access</subfield>
<subfield code="2">star</subfield>
<subfield code="5">MH</subfield>
</datafield>
<datafield ind1=" " ind2=" " tag="843">
<subfield code="a">Electronic reproduction.</subfield>
<subfield code="b">Cambridge, Mass. :</subfield>
<subfield code="c">Harvard Map Collection,</subfield>
<subfield code="d">2011.</subfield>
<subfield code="f">(Harvard Map Collection digital maps. Caribbean Area).</subfield>
<subfield code="f">(Harvard Map Collection digital maps. West Indies).</subfield>
<subfield code="f">(Harvard Map Collection digital maps. Central America).</subfield>
<subfield code="f">(Harvard Map Collection digital maps. Mexico, Gulf of).</subfield>
<subfield code="7">s2011^^^^maun^s</subfield>
</datafield>
<datafield ind1=" " ind2=" " tag="852">
<subfield code="b">NET</subfield>
<subfield code="c">GEN</subfield>
</datafield>
<datafield ind1="4" ind2="1" tag="856">
<subfield code="z">Harvard Map Collection copy image</subfield>
<subfield code="u">http://nrs.harvard.edu/urn-3:FHCL:4925479?buttons=y</subfield>
</datafield>
<datafield ind1=" " ind2=" " tag="H08">
<subfield code="a">c</subfield>
<subfield code="b">20110718</subfield>
</datafield>
<datafield ind1=" " ind2=" " tag="H09">
<subfield code="k">netmap</subfield>
</datafield>
<datafield ind1=" " ind2=" " tag="H10">
<subfield code="a">O20110718^^CAS95</subfield>
<subfield code="c">20110718^000000^07^000000^n000000-00000-0000-000^F12^0000000^n0000000-000000-00000-0000^CAS95</subfield>
</datafield>
</record>