
<?xml version="1.0" encoding="UTF-8"?>
<record xmlns="http://www.loc.gov/MARC21/slim" xmlns:xsi="http://www.w3.org/2001/XMLSchema-instance" xsi:schemaLocation="http://www.loc.gov/MARC21/slim   http://www.loc.gov/standards/marcxml/schema/MARC21slim.xsd">
<leader>     nem  2200193Ia 4500</leader>
<controlfield tag="001">012787769-X</controlfield>
<controlfield tag="005">20110805192344.0</controlfield>
<controlfield tag="008">840629s1750^^^^gw^i^^^^^^a^^^^^0^^^lat^d</controlfield>
<datafield ind1="0" ind2=" " tag="034">
<subfield code="a">a</subfield>
</datafield>
<datafield ind1="0" ind2=" " tag="035">
<subfield code="a">ocn156042805</subfield>
</datafield>
<datafield ind1=" " ind2=" " tag="052">
<subfield code="a">4390</subfield>
</datafield>
<datafield ind1=" " ind2=" " tag="052">
<subfield code="a">4800</subfield>
</datafield>
<datafield ind1=" " ind2=" " tag="052">
<subfield code="a">4900</subfield>
</datafield>
<datafield ind1=" " ind2=" " tag="052">
<subfield code="a">3934</subfield>
<subfield code="b">S2</subfield>
</datafield>
<datafield ind1=" " ind2=" " tag="052">
<subfield code="a">4954</subfield>
<subfield code="b">S2</subfield>
</datafield>
<datafield ind1=" " ind2=" " tag="052">
<subfield code="a">4414</subfield>
<subfield code="b">M6</subfield>
</datafield>
<datafield ind1=" " ind2=" " tag="052">
<subfield code="a">4414</subfield>
<subfield code="b">V46</subfield>
</datafield>
<datafield ind1=" " ind2=" " tag="090">
<subfield code="a">G4390 1740</subfield>
<subfield code="b">.A6</subfield>
</datafield>
<datafield ind1="1" ind2=" " tag="100">
<subfield code="a">Anville, Jean Baptiste Bourguignon d',</subfield>
<subfield code="d">1697-1782.</subfield>
</datafield>
<datafield ind1="1" ind2="0" tag="245">
<subfield code="a">Mappa geographica, complectens :</subfield>
<subfield code="b">I. Indiae Occidentalis partem mediam circum Isthmum Panamensem, II. Ipsumq[ue] Isthmum, III. Ichnographiam praecipuorum locorum &amp; portuum ad has terras pertinentium. Desumta omnia ex historia Insulæ S. Dominici &amp; pro præsenti statu belli, quod est 1740 inter Anglos &amp; Hispanos exortum /</subfield>
<subfield code="c">luci publicæ tradita ab Homannianis Heredibus.</subfield>
</datafield>
<datafield ind1="3" ind2=" " tag="246">
<subfield code="a">Carte des isles de l'Amérique</subfield>
</datafield>
<datafield ind1="3" ind2=" " tag="246">
<subfield code="a">Delineatio munimenti et portus S. Augustini</subfield>
</datafield>
<datafield ind1="3" ind2=" " tag="246">
<subfield code="a">Ichnographia urbis San-Domingo</subfield>
</datafield>
<datafield ind1="3" ind2=" " tag="246">
<subfield code="a">Delineatio portus mexicani Vera Cruz</subfield>
</datafield>
<datafield ind1="3" ind2=" " tag="246">
<subfield code="a">Urbs capitalis regni mexicani dicta Mexico</subfield>
</datafield>
<datafield ind1="3" ind2=" " tag="246">
<subfield code="a">[Isthmus of Panama]</subfield>
</datafield>
<datafield ind1=" " ind2=" " tag="255">
<subfield code="a">Scales differ.</subfield>
</datafield>
<datafield ind1=" " ind2=" " tag="260">
<subfield code="a">[Nuremberg :</subfield>
<subfield code="b">Homann Heirs, Cum Privil. S. Cæs. Maj.</subfield>
<subfield code="c">1740?]</subfield>
</datafield>
<datafield ind1=" " ind2=" " tag="300">
<subfield code="a">6 maps on 1 sheet :</subfield>
<subfield code="b">hand col. ;</subfield>
<subfield code="c">57 x 48 cm.</subfield>
</datafield>
<datafield ind1=" " ind2=" " tag="500">
<subfield code="a">Relief shown pictorially, maps of ports show depths by soundings.</subfield>
</datafield>
<datafield ind1=" " ind2=" " tag="500">
<subfield code="a">Central map (30 x 47 cm.) has title: Carte des isles de l'Amérique et deplusieurs pays de terre ferme situés au devant de ces isles &amp; autour du Golfe de Mexique / dressée sur un grand nombre de cartes particuliéres ... par le sr. d'Anville, géographe ordre. du roi, mars 1731.</subfield>
</datafield>
<datafield ind1=" " ind2=" " tag="500">
<subfield code="a">Surrounding maps have titles: Delineatio munimenti et portus S. Augustini -- Ichnographia urbis San-Domingo -- Urbs capitalis regni mexicani dicta Mexico -- Delineatio portus mexicani Vera Cruz -- [Isthmus of Panama].</subfield>
</datafield>
<datafield ind1=" " ind2=" " tag="522">
<subfield code="a">Large central map shows Florida and the coast of the Gulf of Mexico, Central America, northern South America, and West Indies. Surrounding maps show the Isthmus of Panama, Saint Augustine, Fla., San Domingo (present-day Haiti), Mexico City, and Vera Cruz, Mexico.</subfield>
</datafield>
<datafield ind1=" " ind2=" " tag="530">
<subfield code="a">Also available online.</subfield>
</datafield>
<datafield ind1=" " ind2="0" tag="651">
<subfield code="a">Veracruz (Veracruz-Llave, Mexico)</subfield>
<subfield code="v">Maps</subfield>
<subfield code="v">Early works to 1800.</subfield>
</datafield>
<datafield ind1=" " ind2="0" tag="651">
<subfield code="a">Santo Domingo (Dominican Republic)</subfield>
<subfield code="v">Maps</subfield>
<subfield code="v">Early works to 1800.</subfield>
</datafield>
<datafield ind1=" " ind2="0" tag="651">
<subfield code="a">Saint Augustine (Fla.)</subfield>
<subfield code="v">Maps</subfield>
<subfield code="v">Early works to 1800.</subfield>
</datafield>
<datafield ind1=" " ind2="0" tag="651">
<subfield code="a">Caribbean Area</subfield>
<subfield code="v">Maps</subfield>
<subfield code="v">Early works to 1800.</subfield>
</datafield>
<datafield ind1=" " ind2="0" tag="651">
<subfield code="a">Central America</subfield>
<subfield code="v">Maps</subfield>
<subfield code="v">Early works to 1800.</subfield>
</datafield>
<datafield ind1=" " ind2="0" tag="651">
<subfield code="a">West Indies</subfield>
<subfield code="v">Maps</subfield>
<subfield code="v">Early works to 1800.</subfield>
</datafield>
<datafield ind1=" " ind2="0" tag="651">
<subfield code="a">Mexico City (Mexico)</subfield>
<subfield code="v">Maps</subfield>
<subfield code="v">Early works to 1800.</subfield>
</datafield>
<datafield ind1=" " ind2="0" tag="655">
<subfield code="a">Early maps.</subfield>
</datafield>
<datafield ind1=" " ind2="0" tag="655">
<subfield code="a">Maps.</subfield>
</datafield>
<datafield ind1="1" ind2="2" tag="700">
<subfield code="a">Anville, Jean Baptiste Bourguignon d',</subfield>
<subfield code="d">1697-1782.</subfield>
<subfield code="t">Carte des isles de l'Amérique.</subfield>
</datafield>
<datafield ind1="2" ind2=" " tag="710">
<subfield code="a">Homann Erben (Firm)</subfield>
</datafield>
<datafield ind1=" " ind2="0" tag="830">
<subfield code="a">Harvard Map Collection digital maps.</subfield>
<subfield code="p">Caribbean Area.</subfield>
<subfield code="5">net</subfield>
</datafield>
<datafield ind1=" " ind2="0" tag="830">
<subfield code="a">Harvard Map Collection digital maps.</subfield>
<subfield code="p">Central America.</subfield>
<subfield code="5">net</subfield>
</datafield>
<datafield ind1=" " ind2="0" tag="830">
<subfield code="a">Harvard Map Collection digital maps.</subfield>
<subfield code="p">West Indies.</subfield>
<subfield code="5">net</subfield>
</datafield>
<datafield ind1=" " ind2="0" tag="830">
<subfield code="a">Harvard Map Collection digital maps.</subfield>
<subfield code="p">Florida .</subfield>
<subfield code="p">Saint Augustine.</subfield>
<subfield code="5">net</subfield>
</datafield>
<datafield ind1=" " ind2="0" tag="830">
<subfield code="a">Harvard Map Collection digital maps.</subfield>
<subfield code="p">Dominican Republic.</subfield>
<subfield code="p">Santo Domingo.</subfield>
<subfield code="5">net</subfield>
</datafield>
<datafield ind1=" " ind2="0" tag="830">
<subfield code="a">Harvard Map Collection digital maps.</subfield>
<subfield code="p">Mexico.</subfield>
<subfield code="p">Mexico City.</subfield>
<subfield code="5">net</subfield>
</datafield>
<datafield ind1=" " ind2="0" tag="830">
<subfield code="a">Harvard Map Collection digital maps.</subfield>
<subfield code="p">Mexico.</subfield>
<subfield code="p">Veracruz (Veracruz-Llave)</subfield>
<subfield code="5">net</subfield>
</datafield>
<datafield ind1=" " ind2=" " tag="OWN">
<subfield code="a">MAP</subfield>
</datafield>
<datafield ind1=" " ind2=" " tag="XPR">
<subfield code="a">OCLC</subfield>
<subfield code="b">20110531</subfield>
</datafield>
<datafield ind1="0" ind2=" " tag="079">
<subfield code="a">ocn156042805</subfield>
</datafield>
<datafield ind1="2" ind2=" " tag="079">
<subfield code="a">ocn904902443</subfield>
</datafield>
<datafield ind1=" " ind2=" " tag="H08">
<subfield code="a">c</subfield>
<subfield code="b">20110531</subfield>
</datafield>
<datafield ind1=" " ind2=" " tag="561">
<subfield code="a">Christophe Daniel Ebeling Collection, no. 4925. Gift of Israel Thorndike, 1818.</subfield>
<subfield code="5">map</subfield>
</datafield>
<datafield ind1="0" ind2=" " tag="852">
<subfield code="b">MAP</subfield>
<subfield code="c">MAPLC</subfield>
<subfield code="h">G4390 1740</subfield>
<subfield code="i">.A6</subfield>
</datafield>
<datafield ind1=" " ind2=" " tag="H10">
<subfield code="a">O20110531^--^CA440</subfield>
<subfield code="b">20110531^0001^050001^F1100001^p0001-00-00-00^CA440</subfield>
<subfield code="e">4</subfield>
</datafield>
<datafield ind1=" " ind2=" " tag="OWN">
<subfield code="a">NET</subfield>
</datafield>
<datafield ind1="0" ind2=" " tag="506">
<subfield code="a">No restrictions on access copy.</subfield>
<subfield code="f">Unrestricted online access</subfield>
<subfield code="2">star</subfield>
<subfield code="5">MH</subfield>
</datafield>
<datafield ind1=" " ind2=" " tag="843">
<subfield code="a">Electronic reproduction.</subfield>
<subfield code="b">Cambridge, Mass. :</subfield>
<subfield code="c">Harvard Map Collection,</subfield>
<subfield code="d">2011.</subfield>
<subfield code="f">(Harvard Map Collection digital maps. Caribbean Area).</subfield>
<subfield code="f">(Harvard Map Collection digital maps. West Indies).</subfield>
<subfield code="f">(Harvard Map Collection digital maps. Florida. Saint Augustine).</subfield>
<subfield code="f">(Harvard Map Collection digital maps. Dominican Republic. Santo Domingo).</subfield>
<subfield code="f">(Harvard Map Collection digital maps. Mexico. Mexico City).</subfield>
<subfield code="f">(Harvard Map Collection digital maps. Mexico. Veracruz (Veracruz-Llave)).</subfield>
<subfield code="7">s2011^^^^maun^s</subfield>
</datafield>
<datafield ind1=" " ind2=" " tag="852">
<subfield code="b">NET</subfield>
<subfield code="c">GEN</subfield>
</datafield>
<datafield ind1="4" ind2="1" tag="856">
<subfield code="z">Harvard Map Collection copy image</subfield>
<subfield code="u">http://nrs.harvard.edu/urn-3:FHCL:4925480?buttons=y</subfield>
</datafield>
<datafield ind1=" " ind2=" " tag="H08">
<subfield code="a">c</subfield>
<subfield code="b">20110718</subfield>
</datafield>
<datafield ind1=" " ind2=" " tag="H09">
<subfield code="k">netmap</subfield>
</datafield>
<datafield ind1=" " ind2=" " tag="H10">
<subfield code="a">O20110718^^CAS95</subfield>
<subfield code="c">20110718^000000^07^000000^n000000-00000-0000-000^F12^0000000^n0000000-000000-00000-0000^CAS95</subfield>
</datafield>
</record>