
<?xml version="1.0" encoding="UTF-8"?>
<record xmlns="http://www.loc.gov/MARC21/slim" xmlns:xsi="http://www.w3.org/2001/XMLSchema-instance" xsi:schemaLocation="http://www.loc.gov/MARC21/slim   http://www.loc.gov/standards/marcxml/schema/MARC21slim.xsd">
<leader>     nem  2200193Ia 4500</leader>
<controlfield tag="001">012823596-9</controlfield>
<controlfield tag="005">20111107154148.0</controlfield>
<controlfield tag="008">040816s1740^^^^ne^i^^^^^^a^^^^^0^^^fre^d</controlfield>
<datafield ind1="1" ind2=" " tag="034">
<subfield code="a">a</subfield>
<subfield code="b">5750000</subfield>
</datafield>
<datafield ind1="0" ind2=" " tag="035">
<subfield code="a">ocn741344676</subfield>
</datafield>
<datafield ind1=" " ind2=" " tag="052">
<subfield code="a">4390</subfield>
</datafield>
<datafield ind1=" " ind2=" " tag="052">
<subfield code="a">4800</subfield>
</datafield>
<datafield ind1=" " ind2=" " tag="052">
<subfield code="a">4414</subfield>
<subfield code="b">V46</subfield>
</datafield>
<datafield ind1=" " ind2=" " tag="052">
<subfield code="a">4872</subfield>
<subfield code="b">P2</subfield>
<subfield code="b">P6</subfield>
</datafield>
<datafield ind1=" " ind2=" " tag="052">
<subfield code="a">4924</subfield>
<subfield code="b">H3</subfield>
</datafield>
<datafield ind1=" " ind2=" " tag="090">
<subfield code="a">G4390 1740</subfield>
<subfield code="b">.C6</subfield>
</datafield>
<datafield ind1="2" ind2=" " tag="110">
<subfield code="a">Cóvens et Mortier.</subfield>
</datafield>
<datafield ind1="1" ind2="0" tag="245">
<subfield code="a">Teâtre de la guerre en Amerique telle que'elle est à present possedée par les Espagnols, Anglois, François, et Hollandois &amp;c. :</subfield>
<subfield code="c">nouvellement mis au jour par Cóvens et Mortier, geographes à Amsterdam.</subfield>
</datafield>
<datafield ind1="3" ind2=" " tag="246">
<subfield code="a">Archipelague du Mexique, ou sont les isles de Cuba, Espagnole, Iamaïque</subfield>
</datafield>
<datafield ind1=" " ind2=" " tag="255">
<subfield code="a">Scale [ca. 1:5,750,000].</subfield>
</datafield>
<datafield ind1=" " ind2=" " tag="260">
<subfield code="a">Amsterdam :</subfield>
<subfield code="b">Jean Cóvens et Corneille Mortier,</subfield>
<subfield code="c">[1740?]</subfield>
</datafield>
<datafield ind1=" " ind2=" " tag="300">
<subfield code="a">1 map on 2 sheets :</subfield>
<subfield code="b">hand col. ;</subfield>
<subfield code="c">56 x 98 cm., sheets 69 x 57 cm. each.</subfield>
</datafield>
<datafield ind1=" " ind2=" " tag="500">
<subfield code="a">Relief shown pictorially.</subfield>
</datafield>
<datafield ind1=" " ind2=" " tag="500">
<subfield code="a">Shows positions of Spain, England, France and Holland; boundaries, commercial routes, cities, settlements and rivers.</subfield>
</datafield>
<datafield ind1=" " ind2=" " tag="500">
<subfield code="a">Title from caption; additional title from ornamental cartouche.</subfield>
</datafield>
<datafield ind1=" " ind2=" " tag="500">
<subfield code="a">Includes engraved ill. in lower left hand corner.</subfield>
</datafield>
<datafield ind1=" " ind2=" " tag="500">
<subfield code="a">Insets: [Vera Cruz, Havana, Baye de Porto Bello and Isthme de Panama ou Darien].</subfield>
</datafield>
<datafield ind1=" " ind2=" " tag="500">
<subfield code="a">Appears in: Atlas nouveau contenant toutes les parties du monde, ou sont exactment marqués les empires, monarchies, royaumes, états republiques / par Guillaume de l'Isle. Amsterdam : Jean Cóvens et Corneille Mortier, [1683-1761]</subfield>
</datafield>
<datafield ind1=" " ind2=" " tag="530">
<subfield code="a">Also available online.</subfield>
</datafield>
<datafield ind1=" " ind2="0" tag="650">
<subfield code="a">Spanish Succession, War of, 1701-1714</subfield>
<subfield code="v">Maps</subfield>
<subfield code="v">Early works to 1800.</subfield>
</datafield>
<datafield ind1=" " ind2="0" tag="651">
<subfield code="a">Havana (Cuba)</subfield>
<subfield code="v">Maps</subfield>
<subfield code="v">Early works to 1800.</subfield>
</datafield>
<datafield ind1=" " ind2="0" tag="651">
<subfield code="a">Portobelo Bay (Panama)</subfield>
<subfield code="v">Maps</subfield>
<subfield code="v">Early works to 1800.</subfield>
</datafield>
<datafield ind1=" " ind2="0" tag="651">
<subfield code="a">Panama, Isthmus of (Panama)</subfield>
<subfield code="v">Maps</subfield>
<subfield code="v">Early works to 1800.</subfield>
</datafield>
<datafield ind1=" " ind2="0" tag="651">
<subfield code="a">Veracruz (Veracruz-Llave, Mexico)</subfield>
<subfield code="v">Maps</subfield>
<subfield code="v">Early works to 1800.</subfield>
</datafield>
<datafield ind1=" " ind2="0" tag="651">
<subfield code="a">West Indies</subfield>
<subfield code="v">Maps</subfield>
<subfield code="v">Early works to 1800.</subfield>
</datafield>
<datafield ind1=" " ind2="0" tag="651">
<subfield code="a">Central America</subfield>
<subfield code="v">Maps</subfield>
<subfield code="v">Early works to 1800.</subfield>
</datafield>
<datafield ind1=" " ind2="7" tag="655">
<subfield code="a">Maps.</subfield>
<subfield code="2">lcgft.</subfield>
</datafield>
<datafield ind1=" " ind2="7" tag="655">
<subfield code="a">Early maps.</subfield>
<subfield code="2">lcgft.</subfield>
</datafield>
<datafield ind1=" " ind2="7" tag="655">
<subfield code="a">Maps</subfield>
<subfield code="z">West Indies</subfield>
<subfield code="y">18th century.</subfield>
<subfield code="2">rbgenr</subfield>
</datafield>
<datafield ind1="1" ind2=" " tag="700">
<subfield code="a">L'Isle, Guillaume de,</subfield>
<subfield code="d">1675-1726.</subfield>
<subfield code="t">Atlas nouveau contenant toutes les parties du monde, ou sont exactment marqués les empires, monarchies, royaumes, états republiques.</subfield>
</datafield>
<datafield ind1="1" ind2=" " tag="700">
<subfield code="a">Cóvens, Jean.</subfield>
</datafield>
<datafield ind1="1" ind2=" " tag="700">
<subfield code="a">Mortier, Corneille.</subfield>
</datafield>
<datafield ind1=" " ind2="0" tag="830">
<subfield code="a">Harvard Map Collection digital maps.</subfield>
<subfield code="p">West Indies.</subfield>
<subfield code="5">net</subfield>
</datafield>
<datafield ind1=" " ind2="0" tag="830">
<subfield code="a">Harvard Map Collection digital maps.</subfield>
<subfield code="p">Central America.</subfield>
<subfield code="5">net</subfield>
</datafield>
<datafield ind1=" " ind2="0" tag="830">
<subfield code="a">Harvard Map Collection digital maps.</subfield>
<subfield code="p">Mexico.</subfield>
<subfield code="p">Veracruz (Veracruz-Llave)</subfield>
<subfield code="5">net</subfield>
</datafield>
<datafield ind1=" " ind2="0" tag="830">
<subfield code="a">Harvard Map Collection digital maps.</subfield>
<subfield code="p">Panama.</subfield>
<subfield code="p">Panama, Isthmus of.</subfield>
<subfield code="5">net</subfield>
</datafield>
<datafield ind1=" " ind2="0" tag="830">
<subfield code="a">Harvard Map Collection digital maps.</subfield>
<subfield code="p">Panama.</subfield>
<subfield code="p">Portobelo Bay.</subfield>
<subfield code="5">net</subfield>
</datafield>
<datafield ind1=" " ind2="0" tag="830">
<subfield code="a">Harvard Map Collection digital maps.</subfield>
<subfield code="p">Cuba.</subfield>
<subfield code="p">Havana.</subfield>
<subfield code="5">net</subfield>
</datafield>
<datafield ind1=" " ind2=" " tag="OWN">
<subfield code="a">MAP</subfield>
</datafield>
<datafield ind1=" " ind2=" " tag="XPR">
<subfield code="a">OCLC</subfield>
<subfield code="b">20110712</subfield>
</datafield>
<datafield ind1="0" ind2=" " tag="079">
<subfield code="a">ocn741344676</subfield>
</datafield>
<datafield ind1="2" ind2=" " tag="079">
<subfield code="a">ocn904902569</subfield>
</datafield>
<datafield ind1=" " ind2=" " tag="H08">
<subfield code="a">c</subfield>
<subfield code="b">20110712</subfield>
</datafield>
<datafield ind1="0" ind2=" " tag="852">
<subfield code="b">MAP</subfield>
<subfield code="c">MAPLC</subfield>
<subfield code="h">G4390 1740</subfield>
<subfield code="i">.C6</subfield>
</datafield>
<datafield ind1="0" ind2="0" tag="853">
<subfield code="8">1</subfield>
<subfield code="a">sheet</subfield>
</datafield>
<datafield ind1="4" ind2="0" tag="863">
<subfield code="8">1.1</subfield>
<subfield code="a">1-2</subfield>
</datafield>
<datafield ind1=" " ind2=" " tag="561">
<subfield code="a">Christophe Daniel Ebeling Collection, no. 4788 (sheet 1) &amp; 4920 (sheet 2). Gift of Israel Thorndike, 1818.</subfield>
<subfield code="5">map</subfield>
</datafield>
<datafield ind1=" " ind2=" " tag="H10">
<subfield code="a">O20110712^--^CA440</subfield>
<subfield code="c">20110712^000002^07^000002^p000002-00000-0000-000^F12^0000002^p0000002-000000-00000-0000^CA440</subfield>
<subfield code="e">I</subfield>
</datafield>
<datafield ind1=" " ind2=" " tag="OWN">
<subfield code="a">NET</subfield>
</datafield>
<datafield ind1="0" ind2=" " tag="506">
<subfield code="a">No restrictions on access copy.</subfield>
<subfield code="f">Unrestricted online access</subfield>
<subfield code="2">star</subfield>
<subfield code="5">MH</subfield>
</datafield>
<datafield ind1=" " ind2=" " tag="843">
<subfield code="a">Electronic reproduction.</subfield>
<subfield code="b">Cambridge, Mass. :</subfield>
<subfield code="c">Harvard College Library Digital Imaging Group,</subfield>
<subfield code="d">2011.</subfield>
<subfield code="f">(Harvard Map Collection digital maps. West Indies).</subfield>
<subfield code="f">(Harvard Map Collection digital maps. Central America).</subfield>
<subfield code="f">(Harvard Map Collection digital maps. Mexico. Veracruz (Veracruz-Llave)).</subfield>
<subfield code="f">(Harvard Map Collection digital maps. Panama. Panama, Isthmus of).</subfield>
<subfield code="f">(Harvard Map Collection digital maps. Panama. Portobelo Bay).</subfield>
<subfield code="f">(Harvard Map Collection digital maps. Cuba. Havana).</subfield>
<subfield code="n">Stitched digital image compiled from 2 source images using image editing software.</subfield>
<subfield code="7">s2011^^^^maun^s</subfield>
</datafield>
<datafield ind1=" " ind2=" " tag="852">
<subfield code="b">NET</subfield>
<subfield code="c">GEN</subfield>
</datafield>
<datafield ind1="4" ind2="1" tag="856">
<subfield code="z">Harvard Map Collection copy image, compiled from 2 original images</subfield>
<subfield code="u">http://nrs.harvard.edu/urn-3:FHCL:5168905?buttons=y</subfield>
</datafield>
<datafield ind1=" " ind2=" " tag="H08">
<subfield code="a">c</subfield>
<subfield code="b">20111107</subfield>
</datafield>
<datafield ind1=" " ind2=" " tag="H09">
<subfield code="k">netmap</subfield>
</datafield>
<datafield ind1=" " ind2=" " tag="H10">
<subfield code="a">O20111107^--^CAS78</subfield>
<subfield code="c">20111107^000000^11^000000^n000000-00000-0000-000^F12^0000000^n0000000-000000-00000-0000^CAS78</subfield>
</datafield>
</record>