
<?xml version="1.0" encoding="UTF-8"?>
<record xmlns="http://www.loc.gov/MARC21/slim" xmlns:xsi="http://www.w3.org/2001/XMLSchema-instance" xsi:schemaLocation="http://www.loc.gov/MARC21/slim   http://www.loc.gov/standards/marcxml/schema/MARC21slim.xsd">
<leader>     nem  2200193Ia 4500</leader>
<controlfield tag="001">012787893-9</controlfield>
<controlfield tag="005">20110805192348.0</controlfield>
<controlfield tag="008">980212s1740^^^^fr^i^^^^^^a^^^^^0^^^fre^d</controlfield>
<datafield ind1=" " ind2=" " tag="010">
<subfield code="a">^^^36022467^</subfield>
</datafield>
<datafield ind1="0" ind2=" " tag="035">
<subfield code="a">ocm77936705</subfield>
</datafield>
<datafield ind1=" " ind2=" " tag="040">
<subfield code="a">HUV</subfield>
<subfield code="c">HUV</subfield>
<subfield code="d">OCLCQ</subfield>
<subfield code="d">OCLCG</subfield>
</datafield>
<datafield ind1=" " ind2=" " tag="052">
<subfield code="a">4390</subfield>
</datafield>
<datafield ind1=" " ind2=" " tag="052">
<subfield code="a">9112</subfield>
</datafield>
<datafield ind1=" " ind2=" " tag="052">
<subfield code="a">4800</subfield>
</datafield>
<datafield ind1=" " ind2=" " tag="090">
<subfield code="a">G4390 1740</subfield>
<subfield code="b">.P6</subfield>
</datafield>
<datafield ind1="1" ind2=" " tag="100">
<subfield code="a">Popple, Henry,</subfield>
<subfield code="d">-1743.</subfield>
</datafield>
<datafield ind1="1" ind2="0" tag="245">
<subfield code="a">Carte d'une partie de l'Amérique pour la navigation des isles et du Golfe du Mexique avec l'intérieur des terres, depuis la Bermude jusqu'a Cayenne Partie Méridionale : réduite de la carte Angloise en 20 feuilles /</subfield>
<subfield code="c">par Mr. Popple ; avec quelques corrections et augmentations par Phil. Buache en 1740.</subfield>
</datafield>
<datafield ind1=" " ind2=" " tag="260">
<subfield code="a">Paris :</subfield>
<subfield code="b">P. Buache,</subfield>
<subfield code="c">1740.</subfield>
</datafield>
<datafield ind1=" " ind2=" " tag="300">
<subfield code="a">1 map :</subfield>
<subfield code="b">hand col. ;</subfield>
<subfield code="c">50 x 94 cm.</subfield>
</datafield>
<datafield ind1=" " ind2=" " tag="500">
<subfield code="a">Relief shown pictorially.</subfield>
</datafield>
<datafield ind1=" " ind2=" " tag="500">
<subfield code="a">Title in margin at top. "A Paris sur le Quay de la Megisserie près le Pont Neuf avec Privilège du Roy." in lower margin. In right upper corner "Observation de l'Editeur ..."</subfield>
</datafield>
<datafield ind1=" " ind2=" " tag="500">
<subfield code="a">Probably an excerpt from "Atlas Géographique des Quatre Parties du Monde par Guillaume de l'Isle et Phil. Buache ... Paris, (n.d.).</subfield>
</datafield>
<datafield ind1=" " ind2=" " tag="500">
<subfield code="a">Cf. Lowery, 358. Phillips, Atlases, 636.</subfield>
</datafield>
<datafield ind1="3" ind2=" " tag="510">
<subfield code="a">EB</subfield>
</datafield>
<datafield ind1=" " ind2=" " tag="530">
<subfield code="a">Also available online.</subfield>
</datafield>
<datafield ind1=" " ind2="0" tag="650">
<subfield code="a">Coasts</subfield>
<subfield code="z">South America</subfield>
<subfield code="v">Maps</subfield>
<subfield code="v">Early works to 1800.</subfield>
</datafield>
<datafield ind1=" " ind2="0" tag="650">
<subfield code="a">Coasts</subfield>
<subfield code="z">Mexico, Gulf of</subfield>
<subfield code="v">Maps</subfield>
<subfield code="v">Early works to 1800.</subfield>
</datafield>
<datafield ind1=" " ind2="0" tag="650">
<subfield code="a">Nautical charts</subfield>
<subfield code="z">Caribbean Area</subfield>
<subfield code="v">Early works to 1800.</subfield>
</datafield>
<datafield ind1=" " ind2="0" tag="650">
<subfield code="a">Nautical charts</subfield>
<subfield code="z">Mexico, Gulf of</subfield>
<subfield code="v">Early works to 1800.</subfield>
</datafield>
<datafield ind1=" " ind2="0" tag="651">
<subfield code="a">Caribbean Area</subfield>
<subfield code="v">Maps</subfield>
<subfield code="v">Early works to 1800.</subfield>
</datafield>
<datafield ind1=" " ind2="0" tag="651">
<subfield code="a">Central America</subfield>
<subfield code="v">Maps</subfield>
<subfield code="v">Early works to 1800.</subfield>
</datafield>
<datafield ind1=" " ind2="0" tag="655">
<subfield code="a">Maps.</subfield>
</datafield>
<datafield ind1=" " ind2="0" tag="655">
<subfield code="a">Early maps.</subfield>
</datafield>
<datafield ind1="1" ind2=" " tag="700">
<subfield code="a">Buache, Philippe,</subfield>
<subfield code="d">1700-1773.</subfield>
</datafield>
<datafield ind1="1" ind2=" " tag="700">
<subfield code="a">L'Isle, Guillaume de,</subfield>
<subfield code="d">1675-1726.</subfield>
<subfield code="t">Atlas géographique des quatre parties du monde.</subfield>
</datafield>
<datafield ind1=" " ind2="0" tag="830">
<subfield code="a">Harvard Map Collection digital maps.</subfield>
<subfield code="p">Caribbean Area.</subfield>
<subfield code="5">net</subfield>
</datafield>
<datafield ind1=" " ind2="0" tag="830">
<subfield code="a">Harvard Map Collection digital maps.</subfield>
<subfield code="p">Mexico, Gulf of.</subfield>
<subfield code="5">net</subfield>
</datafield>
<datafield ind1=" " ind2="0" tag="830">
<subfield code="a">Harvard Map Collection digital maps.</subfield>
<subfield code="p">Central America.</subfield>
<subfield code="5">net</subfield>
</datafield>
<datafield ind1=" " ind2="0" tag="830">
<subfield code="a">Harvard Map Collection digital maps.</subfield>
<subfield code="p">South America.</subfield>
<subfield code="5">net</subfield>
</datafield>
<datafield ind1=" " ind2=" " tag="OWN">
<subfield code="a">MAP</subfield>
</datafield>
<datafield ind1=" " ind2=" " tag="XPR">
<subfield code="a">OCLC</subfield>
<subfield code="b">20110531</subfield>
</datafield>
<datafield ind1="0" ind2=" " tag="079">
<subfield code="a">ocm77936705</subfield>
</datafield>
<datafield ind1="2" ind2=" " tag="079">
<subfield code="a">ocn904902445</subfield>
</datafield>
<datafield ind1=" " ind2=" " tag="H08">
<subfield code="a">c</subfield>
<subfield code="b">20110531</subfield>
</datafield>
<datafield ind1="0" ind2=" " tag="852">
<subfield code="b">MAP</subfield>
<subfield code="c">MAPLC</subfield>
<subfield code="h">G4390 1740</subfield>
<subfield code="i">.P6</subfield>
<subfield code="t">A-B</subfield>
</datafield>
<datafield ind1=" " ind2=" " tag="H10">
<subfield code="a">O20110531^--^CA440</subfield>
<subfield code="b">20110531^0002^050002^F1100002^p0002-00-00-00^CA440</subfield>
</datafield>
<datafield ind1=" " ind2=" " tag="OWN">
<subfield code="a">NET</subfield>
</datafield>
<datafield ind1="0" ind2=" " tag="506">
<subfield code="a">No restrictions on access copy.</subfield>
<subfield code="f">Unrestricted online access</subfield>
<subfield code="2">star</subfield>
<subfield code="5">MH</subfield>
</datafield>
<datafield ind1=" " ind2=" " tag="843">
<subfield code="a">Electronic reproduction.</subfield>
<subfield code="b">Cambridge, Mass. :</subfield>
<subfield code="c">Harvard Map Collection,</subfield>
<subfield code="d">2011.</subfield>
<subfield code="f">(Harvard Map Collection digital maps. Caribbean Area).</subfield>
<subfield code="f">(Harvard Map Collection digital maps. Mexico, Gulf of).</subfield>
<subfield code="f">(Harvard Map Collection digital maps. Central America).</subfield>
<subfield code="f">(Harvard Map Collection digital maps. South America).</subfield>
<subfield code="7">s2011^^^^maun^s</subfield>
</datafield>
<datafield ind1=" " ind2=" " tag="852">
<subfield code="b">NET</subfield>
<subfield code="c">GEN</subfield>
</datafield>
<datafield ind1="4" ind2="1" tag="856">
<subfield code="z">Harvard Map Collection copy image</subfield>
<subfield code="u">http://nrs.harvard.edu/urn-3:FHCL:4925515?buttons=y</subfield>
</datafield>
<datafield ind1=" " ind2=" " tag="H08">
<subfield code="a">c</subfield>
<subfield code="b">20110719</subfield>
</datafield>
<datafield ind1=" " ind2=" " tag="H09">
<subfield code="k">netmap</subfield>
</datafield>
<datafield ind1=" " ind2=" " tag="H10">
<subfield code="a">O20110719^^CAS95</subfield>
<subfield code="c">20110719^000000^07^000000^n000000-00000-0000-000^F12^0000000^n0000000-000000-00000-0000^CAS95</subfield>
</datafield>
</record>