
<?xml version="1.0" encoding="UTF-8"?>
<record xmlns="http://www.loc.gov/MARC21/slim" xmlns:xsi="http://www.w3.org/2001/XMLSchema-instance" xsi:schemaLocation="http://www.loc.gov/MARC21/slim   http://www.loc.gov/standards/marcxml/schema/MARC21slim.xsd">
<leader>     nem  2200193Ia 4500</leader>
<controlfield tag="001">012787811-4</controlfield>
<controlfield tag="005">20110805192346.0</controlfield>
<controlfield tag="008">970213s1740^^^^enkei^^^^^a^^^^^0^^^eng^d</controlfield>
<datafield ind1="1" ind2=" " tag="034">
<subfield code="a">a</subfield>
<subfield code="b">10000000</subfield>
</datafield>
<datafield ind1="0" ind2=" " tag="035">
<subfield code="a">ocn728536253</subfield>
</datafield>
<datafield ind1=" " ind2=" " tag="052">
<subfield code="a">4390</subfield>
</datafield>
<datafield ind1=" " ind2=" " tag="052">
<subfield code="a">4800</subfield>
</datafield>
<datafield ind1=" " ind2=" " tag="052">
<subfield code="a">4900</subfield>
</datafield>
<datafield ind1=" " ind2=" " tag="052">
<subfield code="a">9112</subfield>
</datafield>
<datafield ind1=" " ind2=" " tag="052">
<subfield code="a">5202</subfield>
<subfield code="b">C6</subfield>
</datafield>
<datafield ind1=" " ind2=" " tag="090">
<subfield code="a">G4390 1740</subfield>
<subfield code="b">.V5</subfield>
</datafield>
<datafield ind1="1" ind2=" " tag="100">
<subfield code="a">Visscher, Nicolaes,</subfield>
<subfield code="d">1618-1679.</subfield>
</datafield>
<datafield ind1="1" ind2="2" tag="245">
<subfield code="a">A new map of the West-Indies; or the Islands of America in the North Sea :</subfield>
<subfield code="b">with the adjacent parts, explaining what belongs to England, Holland, Spain, France &amp;c. Also the several tracts made by the gallions and flota /</subfield>
<subfield code="c">by N. Vischer of Amsterdam.</subfield>
</datafield>
<datafield ind1=" " ind2=" " tag="255">
<subfield code="a">Scale [ca. 1:10,000,000]</subfield>
</datafield>
<datafield ind1=" " ind2=" " tag="260">
<subfield code="a">London :</subfield>
<subfield code="b">Hen. Overton,</subfield>
<subfield code="c">1740.</subfield>
</datafield>
<datafield ind1=" " ind2=" " tag="300">
<subfield code="a">1 map :</subfield>
<subfield code="b">hand col. ;</subfield>
<subfield code="c">54 x 44 cm.</subfield>
</datafield>
<datafield ind1=" " ind2=" " tag="500">
<subfield code="a">Relief shown pictorially, depths indicated by soundings.</subfield>
</datafield>
<datafield ind1=" " ind2=" " tag="500">
<subfield code="a">"Is now done into English with many considerable improvements according to the newest and best Observations".</subfield>
</datafield>
<datafield ind1=" " ind2=" " tag="500">
<subfield code="a">Includes 4 insets: A draught of y.e bay &amp; citty of Havanna; The bay of Porto Bella. A draught of y.e citty of Cartagena its harbour &amp; forts; la Vera Cruz.</subfield>
</datafield>
<datafield ind1=" " ind2=" " tag="500">
<subfield code="a">Includes also an advertisement dated Jany. 1740 for 'Geography Epitomis'd.</subfield>
</datafield>
<datafield ind1=" " ind2=" " tag="530">
<subfield code="a">Also available online.</subfield>
</datafield>
<datafield ind1=" " ind2="0" tag="650">
<subfield code="a">Coasts</subfield>
<subfield code="z">South America</subfield>
<subfield code="v">Maps</subfield>
<subfield code="v">Early works to 1800.</subfield>
</datafield>
<datafield ind1=" " ind2="0" tag="651">
<subfield code="a">Mexico, Gulf of</subfield>
<subfield code="x">Discovery and exploration</subfield>
<subfield code="v">Maps</subfield>
<subfield code="v">Early works to 1800.</subfield>
</datafield>
<datafield ind1=" " ind2="0" tag="651">
<subfield code="a">Mexico, Gulf of</subfield>
<subfield code="v">Maps</subfield>
<subfield code="v">Early works to 1800.</subfield>
</datafield>
<datafield ind1=" " ind2="0" tag="651">
<subfield code="a">Caribbean Area</subfield>
<subfield code="x">Discovery and exploration</subfield>
<subfield code="v">Maps</subfield>
<subfield code="v">Early works to 1800.</subfield>
</datafield>
<datafield ind1=" " ind2="0" tag="651">
<subfield code="a">Caribbean Area</subfield>
<subfield code="v">Maps</subfield>
<subfield code="v">Early works to 1800.</subfield>
</datafield>
<datafield ind1=" " ind2="0" tag="651">
<subfield code="a">Central America</subfield>
<subfield code="v">Maps</subfield>
<subfield code="v">Early works to 1800.</subfield>
</datafield>
<datafield ind1=" " ind2="0" tag="651">
<subfield code="a">West Indies</subfield>
<subfield code="v">Maps</subfield>
<subfield code="v">Early works to 1800.</subfield>
</datafield>
<datafield ind1=" " ind2="0" tag="655">
<subfield code="a">Early maps.</subfield>
</datafield>
<datafield ind1=" " ind2="0" tag="655">
<subfield code="a">Maps.</subfield>
</datafield>
<datafield ind1="1" ind2=" " tag="700">
<subfield code="a">Overton, Henry,</subfield>
<subfield code="d">1675 or 1676-1751.</subfield>
</datafield>
<datafield ind1=" " ind2="0" tag="830">
<subfield code="a">Harvard Map Collection digital maps.</subfield>
<subfield code="p">Caribbean Area.</subfield>
<subfield code="5">net</subfield>
</datafield>
<datafield ind1=" " ind2="0" tag="830">
<subfield code="a">Harvard Map Collection digital maps.</subfield>
<subfield code="p">Central America.</subfield>
<subfield code="5">net</subfield>
</datafield>
<datafield ind1=" " ind2="0" tag="830">
<subfield code="a">Harvard Map Collection digital maps.</subfield>
<subfield code="p">West Indies.</subfield>
<subfield code="5">net</subfield>
</datafield>
<datafield ind1=" " ind2="0" tag="830">
<subfield code="a">Harvard Map Collection digital maps.</subfield>
<subfield code="p">Mexico, Gulf of.</subfield>
<subfield code="5">net</subfield>
</datafield>
<datafield ind1=" " ind2="0" tag="830">
<subfield code="a">Harvard Map Collection digital maps.</subfield>
<subfield code="p">South America.</subfield>
<subfield code="5">net</subfield>
</datafield>
<datafield ind1=" " ind2=" " tag="OWN">
<subfield code="a">MAP</subfield>
</datafield>
<datafield ind1=" " ind2=" " tag="XPR">
<subfield code="a">OCLC</subfield>
<subfield code="b">20110531</subfield>
</datafield>
<datafield ind1="0" ind2=" " tag="079">
<subfield code="a">ocn728536253</subfield>
</datafield>
<datafield ind1="2" ind2=" " tag="079">
<subfield code="a">ocn904902444</subfield>
</datafield>
<datafield ind1=" " ind2=" " tag="H08">
<subfield code="a">c</subfield>
<subfield code="b">20110531</subfield>
</datafield>
<datafield ind1="0" ind2=" " tag="852">
<subfield code="b">MAP</subfield>
<subfield code="c">MAPLC</subfield>
<subfield code="h">G4390 1740</subfield>
<subfield code="i">.V5</subfield>
</datafield>
<datafield ind1=" " ind2=" " tag="561">
<subfield code="a">Christophe Daniel Ebeling Collection, no. 4922. Gift of Israel Thorndike, 1818.</subfield>
<subfield code="5">map</subfield>
</datafield>
<datafield ind1=" " ind2=" " tag="H10">
<subfield code="a">O20110531^--^CA440</subfield>
<subfield code="b">20110531^0001^050001^F1100001^p0001-00-00-00^CA440</subfield>
<subfield code="e">^</subfield>
</datafield>
<datafield ind1=" " ind2=" " tag="OWN">
<subfield code="a">NET</subfield>
</datafield>
<datafield ind1="0" ind2=" " tag="506">
<subfield code="a">No restrictions on access copy.</subfield>
<subfield code="f">Unrestricted online access</subfield>
<subfield code="2">star</subfield>
<subfield code="5">MH</subfield>
</datafield>
<datafield ind1=" " ind2=" " tag="843">
<subfield code="a">Electronic reproduction.</subfield>
<subfield code="b">Cambridge, Mass. :</subfield>
<subfield code="c">Harvard Map Collection,</subfield>
<subfield code="d">2011.</subfield>
<subfield code="f">(Harvard Map Collection digital maps. Caribbean Area).</subfield>
<subfield code="f">(Harvard Map Collection digital maps. Central America).</subfield>
<subfield code="f">(Harvard Map Collection digital maps. West Indies).</subfield>
<subfield code="f">(Harvard Map Collection digital maps. Mexico, Gulf of).</subfield>
<subfield code="f">(Harvard Map Collection digital maps. South America).</subfield>
<subfield code="7">s2011^^^^maun^s</subfield>
</datafield>
<datafield ind1=" " ind2=" " tag="852">
<subfield code="b">NET</subfield>
<subfield code="c">GEN</subfield>
</datafield>
<datafield ind1="4" ind2="1" tag="856">
<subfield code="z">Harvard Map Collection copy image</subfield>
<subfield code="u">http://nrs.harvard.edu/urn-3:FHCL:4925481?buttons=y</subfield>
</datafield>
<datafield ind1=" " ind2=" " tag="H08">
<subfield code="a">c</subfield>
<subfield code="b">20110718</subfield>
</datafield>
<datafield ind1=" " ind2=" " tag="H09">
<subfield code="k">netmap</subfield>
</datafield>
<datafield ind1=" " ind2=" " tag="H10">
<subfield code="a">O20110718^^CAS95</subfield>
<subfield code="c">20110718^000000^07^000000^n000000-00000-0000-000^F12^0000000^n0000000-000000-00000-0000^CAS95</subfield>
</datafield>
</record>