
<?xml version="1.0" encoding="UTF-8"?>
<record xmlns="http://www.loc.gov/MARC21/slim" xmlns:xsi="http://www.w3.org/2001/XMLSchema-instance" xsi:schemaLocation="http://www.loc.gov/MARC21/slim   http://www.loc.gov/standards/marcxml/schema/MARC21slim.xsd">
<leader>     cem  2200193Ia 4500</leader>
<controlfield tag="001">012823916-6</controlfield>
<controlfield tag="005">20111107154934.0</controlfield>
<controlfield tag="008">011207s1745^^^^ne^i^^^^^^a^^^^^0^^^fre^d</controlfield>
<datafield ind1="1" ind2=" " tag="034">
<subfield code="a">a</subfield>
<subfield code="b">3250000</subfield>
</datafield>
<datafield ind1="0" ind2=" " tag="035">
<subfield code="a">ocm48552157</subfield>
</datafield>
<datafield ind1=" " ind2=" " tag="040">
<subfield code="a">IUA</subfield>
<subfield code="c">IUA</subfield>
<subfield code="d">OCLCQ</subfield>
<subfield code="d">OCLCG</subfield>
<subfield code="d">OCLCQ</subfield>
</datafield>
<datafield ind1="0" ind2=" " tag="041">
<subfield code="a">frelatdut</subfield>
</datafield>
<datafield ind1=" " ind2=" " tag="043">
<subfield code="a">cc-----</subfield>
<subfield code="a">n-mx---</subfield>
<subfield code="a">nwli---</subfield>
</datafield>
<datafield ind1=" " ind2=" " tag="052">
<subfield code="a">4390</subfield>
</datafield>
<datafield ind1=" " ind2=" " tag="052">
<subfield code="a">4410</subfield>
</datafield>
<datafield ind1=" " ind2=" " tag="052">
<subfield code="a">4900</subfield>
</datafield>
<datafield ind1=" " ind2=" " tag="090">
<subfield code="a">G4390 1745</subfield>
<subfield code="b">.R2</subfield>
</datafield>
<datafield ind1="2" ind2=" " tag="110">
<subfield code="a">R. &amp; J. Ottens.</subfield>
</datafield>
<datafield ind1="1" ind2="0" tag="245">
<subfield code="a">Grand theatre de la guerre en Amerique :</subfield>
<subfield code="b">suivant les plus novelles observations des Espagnols, Anglois, François &amp; Hollandois /</subfield>
<subfield code="c">mis au jour par R. &amp; I. Ottens.</subfield>
</datafield>
<datafield ind1="1" ind2="3" tag="246">
<subfield code="a">Nova tabula exhibens insulas Cubam et Hispaniolam vulgo S. Domingo dictam, insulas Lucaias seu Bahamanas ac penisulam Floridae [sheet 2]</subfield>
</datafield>
<datafield ind1=" " ind2=" " tag="255">
<subfield code="a">Scale [ca. 1:3,250,000].</subfield>
</datafield>
<datafield ind1=" " ind2=" " tag="260">
<subfield code="a">[Amsterdam :</subfield>
<subfield code="b">R &amp; J. Ottens,</subfield>
<subfield code="c">1745?]</subfield>
</datafield>
<datafield ind1=" " ind2=" " tag="300">
<subfield code="a">1 map on 6 sheets :</subfield>
<subfield code="b">hand col. ;</subfield>
<subfield code="c">sheets 58 x 68 cm. or smaller.</subfield>
</datafield>
<datafield ind1=" " ind2=" " tag="530">
<subfield code="a">Also available online.</subfield>
</datafield>
<datafield ind1=" " ind2=" " tag="500">
<subfield code="a">Relief shown pictorially.</subfield>
</datafield>
<datafield ind1=" " ind2=" " tag="500">
<subfield code="a">Shows ocean trade routes.</subfield>
</datafield>
<datafield ind1=" " ind2=" " tag="500">
<subfield code="a">Appears in the authors' Atlas minor sive geographia compendiosa in qua orbis terrarum paucis atttamen novissimis tabulis ostenditur. Amsterdam : R. &amp; J. ottens, [1945?]</subfield>
</datafield>
<datafield ind1="4" ind2=" " tag="510">
<subfield code="a">Phillips,</subfield>
<subfield code="c">no. 3495</subfield>
</datafield>
<datafield ind1=" " ind2=" " tag="500">
<subfield code="a">Insets: Harbourg of Porto Bello--Plan de la Baye de Carthagena--Nouvelle Carte de l'Isle de Curacao--A draught of St. Augustin and its Harbour--La Havane--Plan de La Ville Espagnole de S. Domingue--Nouveau Plan du Port et de la Ville D'Acapulco--Plan de la Vera-Cruz Port du Mexique.</subfield>
</datafield>
<datafield ind1=" " ind2=" " tag="500">
<subfield code="a">Text on map sheets in French, Latin, and Dutch.</subfield>
</datafield>
<datafield ind1=" " ind2="0" tag="651">
<subfield code="a">Mexico, Gulf of</subfield>
<subfield code="v">Maps</subfield>
<subfield code="v">Early works to 1800.</subfield>
</datafield>
<datafield ind1=" " ind2="0" tag="651">
<subfield code="a">Mexico</subfield>
<subfield code="v">Maps</subfield>
<subfield code="v">Early works to 1800.</subfield>
</datafield>
<datafield ind1=" " ind2="0" tag="651">
<subfield code="a">Caribbean Area</subfield>
<subfield code="v">Maps</subfield>
<subfield code="v">Early works to 1800.</subfield>
</datafield>
<datafield ind1=" " ind2="0" tag="651">
<subfield code="a">West Indies</subfield>
<subfield code="v">Maps</subfield>
<subfield code="v">Early works to 1800.</subfield>
</datafield>
<datafield ind1=" " ind2="7" tag="655">
<subfield code="a">Maps.</subfield>
<subfield code="2">lcgft.</subfield>
</datafield>
<datafield ind1=" " ind2="7" tag="655">
<subfield code="a">Early maps.</subfield>
<subfield code="2">lcgft.</subfield>
</datafield>
<datafield ind1="1" ind2=" " tag="700">
<subfield code="a">Ottens, R.</subfield>
<subfield code="q">(Reinier),</subfield>
<subfield code="d">1698-1750.</subfield>
</datafield>
<datafield ind1="1" ind2=" " tag="700">
<subfield code="a">Ottens, J.</subfield>
<subfield code="q">(Josua),</subfield>
<subfield code="d">1704-1765.</subfield>
</datafield>
<datafield ind1=" " ind2="0" tag="830">
<subfield code="a">Harvard Map Collection digital maps.</subfield>
<subfield code="p">Caribbean Area.</subfield>
<subfield code="5">net</subfield>
</datafield>
<datafield ind1=" " ind2="0" tag="830">
<subfield code="a">Harvard Map Collection digital maps.</subfield>
<subfield code="p">Mexico.</subfield>
<subfield code="5">net</subfield>
</datafield>
<datafield ind1=" " ind2="0" tag="830">
<subfield code="a">Harvard Map Collection digital maps.</subfield>
<subfield code="p">Mexico, Gulf of.</subfield>
<subfield code="5">net</subfield>
</datafield>
<datafield ind1=" " ind2="0" tag="830">
<subfield code="a">Harvard Map Collection digital maps.</subfield>
<subfield code="p">West Indies.</subfield>
<subfield code="5">net</subfield>
</datafield>
<datafield ind1=" " ind2=" " tag="OWN">
<subfield code="a">MAP</subfield>
</datafield>
<datafield ind1=" " ind2=" " tag="XPR">
<subfield code="a">OCLC</subfield>
<subfield code="b">20110712</subfield>
</datafield>
<datafield ind1="0" ind2=" " tag="079">
<subfield code="a">ocm48552157</subfield>
</datafield>
<datafield ind1="2" ind2=" " tag="079">
<subfield code="a">ocn904902570</subfield>
</datafield>
<datafield ind1="0" ind2=" " tag="852">
<subfield code="b">MAP</subfield>
<subfield code="c">MAPLC</subfield>
<subfield code="h">G4390 1745</subfield>
<subfield code="i">.R2</subfield>
<subfield code="t">sheet [3] A-B</subfield>
</datafield>
<datafield ind1="0" ind2="0" tag="853">
<subfield code="8">1</subfield>
<subfield code="a">sheet</subfield>
</datafield>
<datafield ind1="4" ind2="0" tag="863">
<subfield code="8">1.1</subfield>
<subfield code="a">1-6</subfield>
</datafield>
<datafield ind1=" " ind2=" " tag="H08">
<subfield code="a">c</subfield>
<subfield code="b">20110712</subfield>
</datafield>
<datafield ind1=" " ind2=" " tag="H10">
<subfield code="a">M20110712^--^CA440</subfield>
<subfield code="c">20110712^000007^07^000007^p000007-00000-0000-000^F12^0000007^p0000007-000000-00000-0000^CA440</subfield>
<subfield code="e">I</subfield>
</datafield>
<datafield ind1=" " ind2=" " tag="OWN">
<subfield code="a">NET</subfield>
</datafield>
<datafield ind1="0" ind2=" " tag="506">
<subfield code="a">No restrictions on access copy.</subfield>
<subfield code="f">Unrestricted online access</subfield>
<subfield code="2">star</subfield>
<subfield code="5">MH</subfield>
</datafield>
<datafield ind1=" " ind2=" " tag="843">
<subfield code="a">Electronic reproduction.</subfield>
<subfield code="b">Cambridge, Mass. :</subfield>
<subfield code="c">Harvard College Library Digital Imaging Group,</subfield>
<subfield code="d">2011.</subfield>
<subfield code="f">(Harvard Map Collection digital maps. Caribbean Area).</subfield>
<subfield code="f">(Harvard Map Collection digital maps. Mexico).</subfield>
<subfield code="f">(Harvard Map Collection digital maps. Mexico, Gulf of).</subfield>
<subfield code="f">(Harvard Map Collection digital maps. West Indies).</subfield>
<subfield code="n">Stitched digital image compiled from 6 source images using image editing software.</subfield>
<subfield code="7">s2011^^^^maun^s</subfield>
</datafield>
<datafield ind1=" " ind2=" " tag="852">
<subfield code="b">NET</subfield>
<subfield code="c">GEN</subfield>
</datafield>
<datafield ind1="4" ind2="1" tag="856">
<subfield code="z">Harvard Map Collection copy image, compiled from 6 original images</subfield>
<subfield code="u">http://nrs.harvard.edu/urn-3:FHCL:5168912?buttons=y</subfield>
</datafield>
<datafield ind1=" " ind2=" " tag="H08">
<subfield code="a">c</subfield>
<subfield code="b">20111107</subfield>
</datafield>
<datafield ind1=" " ind2=" " tag="H09">
<subfield code="k">netmap</subfield>
</datafield>
<datafield ind1=" " ind2=" " tag="H10">
<subfield code="a">O20111107^--^CAS78</subfield>
<subfield code="c">20111107^000000^11^000000^n000000-00000-0000-000^F12^0000000^n0000000-000000-00000-0000^CAS78</subfield>
</datafield>
</record>