
<?xml version="1.0" encoding="UTF-8"?>
<record xmlns="http://www.loc.gov/MARC21/slim" xmlns:xsi="http://www.w3.org/2001/XMLSchema-instance" xsi:schemaLocation="http://www.loc.gov/MARC21/slim   http://www.loc.gov/standards/marcxml/schema/MARC21slim.xsd">
<leader>     cem  2200193Ia 4500</leader>
<controlfield tag="001">012823738-4</controlfield>
<controlfield tag="005">20150727113458.0</controlfield>
<controlfield tag="008">030702s1779^^^^mau^^^^^^^a^^^^^0^^^eng^d</controlfield>
<datafield ind1="0" ind2=" " tag="034">
<subfield code="a">a</subfield>
<subfield code="b">4375000</subfield>
</datafield>
<datafield ind1="0" ind2=" " tag="035">
<subfield code="a">ocn741344714</subfield>
</datafield>
<datafield ind1=" " ind2=" " tag="052">
<subfield code="a">4390</subfield>
</datafield>
<datafield ind1=" " ind2=" " tag="052">
<subfield code="a">4900</subfield>
</datafield>
<datafield ind1=" " ind2=" " tag="090">
<subfield code="a">G4390 1779</subfield>
<subfield code="b">.R6</subfield>
</datafield>
<datafield ind1="2" ind2=" " tag="110">
<subfield code="a">Robert Sayer and John Bennett (Firm)</subfield>
</datafield>
<datafield ind1="1" ind2="2" tag="245">
<subfield code="a">A new general chart of the West Indies :</subfield>
<subfield code="b">from the latest marine journals and surveys, regulated and ascertained by astronomical observations.</subfield>
</datafield>
<datafield ind1=" " ind2=" " tag="255">
<subfield code="a">Scale [ca. 1:4,375,000].</subfield>
</datafield>
<datafield ind1=" " ind2=" " tag="260">
<subfield code="a">London :</subfield>
<subfield code="b">Printed for R. Sayer and J. Bennett,</subfield>
<subfield code="c">1779.</subfield>
</datafield>
<datafield ind1=" " ind2=" " tag="300">
<subfield code="a">1 map on 2 sheets ;</subfield>
<subfield code="c">69 x 102 cm. sheets 79 x 58 cm. each.</subfield>
</datafield>
<datafield ind1=" " ind2=" " tag="500">
<subfield code="a">Prime meridian Ferro and London.</subfield>
</datafield>
<datafield ind1=" " ind2=" " tag="500">
<subfield code="a">Also shows Florida, portion of Mexico, Central America, and northern South America.</subfield>
</datafield>
<datafield ind1=" " ind2=" " tag="500">
<subfield code="a">Made up set: sheet 1 printed July 1st, 1779, sheet 2: Octr. 1st, 1782.</subfield>
</datafield>
<datafield ind1=" " ind2=" " tag="530">
<subfield code="a">Also available online.</subfield>
</datafield>
<datafield ind1=" " ind2="0" tag="651">
<subfield code="a">Caribbean Area</subfield>
<subfield code="v">Maps</subfield>
<subfield code="v">Early works to 1800.</subfield>
</datafield>
<datafield ind1=" " ind2="0" tag="651">
<subfield code="a">West Indies</subfield>
<subfield code="v">Maps</subfield>
<subfield code="v">Early works to 1800.</subfield>
</datafield>
<datafield ind1=" " ind2="7" tag="655">
<subfield code="a">Maps.</subfield>
<subfield code="2">lcgft.</subfield>
</datafield>
<datafield ind1=" " ind2="7" tag="655">
<subfield code="a">Early maps.</subfield>
<subfield code="2">lcgft.</subfield>
</datafield>
<datafield ind1=" " ind2="0" tag="830">
<subfield code="a">Harvard Map Collection digital maps.</subfield>
<subfield code="p">Caribbean Area.</subfield>
<subfield code="5">net</subfield>
</datafield>
<datafield ind1=" " ind2="0" tag="830">
<subfield code="a">Harvard Map Collection digital maps.</subfield>
<subfield code="p">West Indies.</subfield>
<subfield code="5">net</subfield>
</datafield>
<datafield ind1=" " ind2=" " tag="OWN">
<subfield code="a">NET</subfield>
</datafield>
<datafield ind1="0" ind2=" " tag="506">
<subfield code="a">No restrictions on access copy.</subfield>
<subfield code="f">Unrestricted online access</subfield>
<subfield code="2">star</subfield>
<subfield code="5">MH</subfield>
</datafield>
<datafield ind1=" " ind2=" " tag="843">
<subfield code="a">Electronic reproduction.</subfield>
<subfield code="b">Cambridge, Mass. :</subfield>
<subfield code="c">Harvard College Library Digital Imaging Group,</subfield>
<subfield code="d">2013.</subfield>
<subfield code="f">(Harvard Map Collection digital maps. Caribbean Area).</subfield>
<subfield code="f">(Harvard Map Collection digital maps. West Indies).</subfield>
<subfield code="n">Stitched digital image compiled from 2 source images using image editing software.</subfield>
<subfield code="7">s2013^^^^maun^s</subfield>
</datafield>
<datafield ind1=" " ind2=" " tag="852">
<subfield code="b">NET</subfield>
<subfield code="c">GEN</subfield>
</datafield>
<datafield ind1="4" ind2="1" tag="856">
<subfield code="z">Harvard Map Collection copy image, compiled from 2 original images</subfield>
<subfield code="u">http://nrs.harvard.edu/urn-3:FHCL:10965785?buttons=y</subfield>
</datafield>
<datafield ind1=" " ind2=" " tag="H08">
<subfield code="a">c</subfield>
<subfield code="b">20130906</subfield>
</datafield>
<datafield ind1=" " ind2=" " tag="H09">
<subfield code="k">netmap</subfield>
</datafield>
<datafield ind1="1" ind2="1" tag="H20">
<subfield code="a">o</subfield>
<subfield code="b">n</subfield>
<subfield code="d">20130906</subfield>
<subfield code="e">LO</subfield>
<subfield code="f">S793</subfield>
<subfield code="g">I</subfield>
</datafield>
<datafield ind1=" " ind2=" " tag="OWN">
<subfield code="a">MAP</subfield>
</datafield>
<datafield ind1=" " ind2=" " tag="XPR">
<subfield code="a">OCLC</subfield>
<subfield code="b">20110712</subfield>
</datafield>
<datafield ind1="0" ind2=" " tag="079">
<subfield code="a">ocn741344714</subfield>
</datafield>
<datafield ind1="2" ind2=" " tag="079">
<subfield code="a">ocn858148308</subfield>
</datafield>
<datafield ind1=" " ind2=" " tag="H08">
<subfield code="a">c</subfield>
<subfield code="b">20110712</subfield>
</datafield>
<datafield ind1="0" ind2=" " tag="852">
<subfield code="b">MAP</subfield>
<subfield code="c">MAPLC</subfield>
<subfield code="h">G4390 1779</subfield>
<subfield code="i">.R6</subfield>
</datafield>
<datafield ind1="0" ind2="0" tag="853">
<subfield code="8">1</subfield>
<subfield code="a">sheet</subfield>
</datafield>
<datafield ind1="4" ind2="0" tag="863">
<subfield code="8">1.1</subfield>
<subfield code="a">1-2</subfield>
</datafield>
<datafield ind1=" " ind2=" " tag="H10">
<subfield code="a">O20110712^--^CA440</subfield>
<subfield code="c">20110712^000002^07^000002^p000002-00000-0000-000^F12^0000002^p0000002-000000-00000-0000^CA440</subfield>
<subfield code="e">I</subfield>
</datafield>
</record>