
<?xml version="1.0" encoding="UTF-8"?>
<record xmlns="http://www.loc.gov/MARC21/slim" xmlns:xsi="http://www.w3.org/2001/XMLSchema-instance" xsi:schemaLocation="http://www.loc.gov/MARC21/slim   http://www.loc.gov/standards/marcxml/schema/MARC21slim.xsd">
<leader>     cem  2200193Ia 4500</leader>
<controlfield tag="001">012788000-3</controlfield>
<controlfield tag="005">20110805192350.0</controlfield>
<controlfield tag="008">080324s1780^^^^fr^i^^^^^^a^^^^^0^^^fre^d</controlfield>
<datafield ind1="1" ind2=" " tag="034">
<subfield code="a">a</subfield>
<subfield code="b">6500000</subfield>
</datafield>
<datafield ind1="0" ind2=" " tag="035">
<subfield code="a">ocn213815302</subfield>
</datafield>
<datafield ind1=" " ind2=" " tag="040">
<subfield code="a">GZN</subfield>
<subfield code="c">GZN</subfield>
<subfield code="d">OCLCG</subfield>
</datafield>
<datafield ind1=" " ind2=" " tag="052">
<subfield code="a">4390</subfield>
</datafield>
<datafield ind1=" " ind2=" " tag="052">
<subfield code="a">9112</subfield>
</datafield>
<datafield ind1=" " ind2=" " tag="052">
<subfield code="a">4800</subfield>
</datafield>
<datafield ind1=" " ind2=" " tag="052">
<subfield code="a">5202</subfield>
<subfield code="b">C6</subfield>
</datafield>
<datafield ind1=" " ind2=" " tag="090">
<subfield code="a">G4390 1780</subfield>
<subfield code="b">.D4</subfield>
</datafield>
<datafield ind1="1" ind2=" " tag="100">
<subfield code="a">Denis, Louis,</subfield>
<subfield code="d">1725-1794.</subfield>
</datafield>
<datafield ind1="1" ind2="0" tag="245">
<subfield code="a">Carte du Golphe du Mexique :</subfield>
<subfield code="b">dressée d'après celles qui ont été publiées par ordre des Cours de France, d'Espagne et d'Angleterre /</subfield>
<subfield code="c">par L. Denis, auteur du Conducteur francais ; dédiée et présentée à M. Le Noir, Conseiller d'Etât et Lieutenant Général de Police &amp;c. &amp;c. par son très humble et tres obeissant serviteur Basset en 1780 ; Bellanger sculp.</subfield>
</datafield>
<datafield ind1=" " ind2=" " tag="255">
<subfield code="a">Scale [ca. 1:6,500,000].</subfield>
</datafield>
<datafield ind1=" " ind2=" " tag="260">
<subfield code="a">Paris :</subfield>
<subfield code="b">chés Basset, Rue St. Jacques, au coin de celle des Mathurins, à l'Image St. Genevieve,</subfield>
<subfield code="c">1780.</subfield>
</datafield>
<datafield ind1=" " ind2=" " tag="300">
<subfield code="a">1 map :</subfield>
<subfield code="b">hand col. ;</subfield>
<subfield code="c">49 x 71 cm.</subfield>
</datafield>
<datafield ind1=" " ind2=" " tag="500">
<subfield code="a">Relief shown pictorially.</subfield>
</datafield>
<datafield ind1=" " ind2=" " tag="500">
<subfield code="a">Prime meridian: Paris.</subfield>
</datafield>
<datafield ind1=" " ind2=" " tag="500">
<subfield code="a">Includes inset maps of Dominica, St. Vincent, Jamaica, and Grenada.</subfield>
</datafield>
<datafield ind1=" " ind2=" " tag="500">
<subfield code="a">Shows southeastern United States, eastern Mexico, Central America, northern South America, and West Indies.</subfield>
</datafield>
<datafield ind1=" " ind2=" " tag="530">
<subfield code="a">Also available online.</subfield>
</datafield>
<datafield ind1=" " ind2="0" tag="650">
<subfield code="a">Coasts</subfield>
<subfield code="z">South America</subfield>
<subfield code="v">Maps</subfield>
<subfield code="v">Early works to 1800.</subfield>
</datafield>
<datafield ind1=" " ind2="0" tag="650">
<subfield code="a">Coasts</subfield>
<subfield code="z">Mexico, Gulf of</subfield>
<subfield code="v">Maps</subfield>
<subfield code="v">Early works to 1800.</subfield>
</datafield>
<datafield ind1=" " ind2="0" tag="651">
<subfield code="a">Mexico, Gulf of</subfield>
<subfield code="v">Maps</subfield>
<subfield code="v">Early works to 1800.</subfield>
</datafield>
<datafield ind1=" " ind2="0" tag="651">
<subfield code="a">Caribbean Area</subfield>
<subfield code="v">Maps</subfield>
<subfield code="v">Early works to 1800.</subfield>
</datafield>
<datafield ind1=" " ind2="0" tag="650">
<subfield code="a">Nautical charts</subfield>
<subfield code="z">Caribbean Area</subfield>
<subfield code="v">Early works to 1800.</subfield>
</datafield>
<datafield ind1=" " ind2="0" tag="651">
<subfield code="a">Central America</subfield>
<subfield code="v">Maps</subfield>
<subfield code="v">Early woks to 1800.</subfield>
</datafield>
<datafield ind1=" " ind2="0" tag="655">
<subfield code="a">Maps.</subfield>
</datafield>
<datafield ind1=" " ind2="0" tag="655">
<subfield code="a">Early maps.</subfield>
</datafield>
<datafield ind1=" " ind2="0" tag="830">
<subfield code="a">Harvard Map Collection digital maps.</subfield>
<subfield code="p">Caribbean Area.</subfield>
<subfield code="5">net</subfield>
</datafield>
<datafield ind1=" " ind2="0" tag="830">
<subfield code="a">Harvard Map Collection digital maps.</subfield>
<subfield code="p">Mexico, Gulf of.</subfield>
<subfield code="5">net</subfield>
</datafield>
<datafield ind1=" " ind2="0" tag="830">
<subfield code="a">Harvard Map Collection digital maps.</subfield>
<subfield code="p">South America.</subfield>
<subfield code="5">net</subfield>
</datafield>
<datafield ind1=" " ind2="0" tag="830">
<subfield code="a">Harvard Map Collection digital maps.</subfield>
<subfield code="p">Central America.</subfield>
<subfield code="5">net</subfield>
</datafield>
<datafield ind1=" " ind2=" " tag="OWN">
<subfield code="a">MAP</subfield>
</datafield>
<datafield ind1=" " ind2=" " tag="XPR">
<subfield code="a">OCLC</subfield>
<subfield code="b">20110531</subfield>
</datafield>
<datafield ind1="0" ind2=" " tag="079">
<subfield code="a">ocn213815302</subfield>
</datafield>
<datafield ind1="2" ind2=" " tag="079">
<subfield code="a">ocn904902446</subfield>
</datafield>
<datafield ind1=" " ind2=" " tag="H08">
<subfield code="a">c</subfield>
<subfield code="b">20110531</subfield>
</datafield>
<datafield ind1="0" ind2=" " tag="852">
<subfield code="b">MAP</subfield>
<subfield code="c">MAPLC</subfield>
<subfield code="h">G4390 1780</subfield>
<subfield code="i">.D4</subfield>
</datafield>
<datafield ind1=" " ind2=" " tag="561">
<subfield code="a">Christophe Daniel Ebeling Collection, no. 4931. Gift of Israel Thorndike, 1818.</subfield>
<subfield code="5">map</subfield>
</datafield>
<datafield ind1=" " ind2=" " tag="H10">
<subfield code="a">O20110531^--^CA440</subfield>
<subfield code="b">20110531^0001^050001^F1100001^p0001-00-00-00^CA440</subfield>
<subfield code="e">^</subfield>
</datafield>
<datafield ind1=" " ind2=" " tag="OWN">
<subfield code="a">NET</subfield>
</datafield>
<datafield ind1="0" ind2=" " tag="506">
<subfield code="a">No restrictions on access copy.</subfield>
<subfield code="f">Unrestricted online access</subfield>
<subfield code="2">star</subfield>
<subfield code="5">MH</subfield>
</datafield>
<datafield ind1=" " ind2=" " tag="843">
<subfield code="a">Electronic reproduction.</subfield>
<subfield code="b">Cambridge, Mass. :</subfield>
<subfield code="c">Harvard Map Collection,</subfield>
<subfield code="d">2011.</subfield>
<subfield code="f">(Harvard Map Collection digital maps. Caribbean Area).</subfield>
<subfield code="f">(Harvard Map Collection digital maps. Mexico, Gulf of).</subfield>
<subfield code="f">(Harvard Map Collection digital maps. South America).</subfield>
<subfield code="f">(Harvard Map Collection digital maps. Central America).</subfield>
<subfield code="7">s2011^^^^maun^s</subfield>
</datafield>
<datafield ind1=" " ind2=" " tag="852">
<subfield code="b">NET</subfield>
<subfield code="c">GEN</subfield>
</datafield>
<datafield ind1="4" ind2="1" tag="856">
<subfield code="z">Harvard Map Collection copy image</subfield>
<subfield code="u">http://nrs.harvard.edu/urn-3:FHCL:4925482?buttons=y</subfield>
</datafield>
<datafield ind1=" " ind2=" " tag="H08">
<subfield code="a">c</subfield>
<subfield code="b">20110718</subfield>
</datafield>
<datafield ind1=" " ind2=" " tag="H09">
<subfield code="k">netmap</subfield>
</datafield>
<datafield ind1=" " ind2=" " tag="H10">
<subfield code="a">O20110718^^CAS95</subfield>
<subfield code="c">20110718^000000^07^000000^n000000-00000-0000-000^F12^0000000^n0000000-000000-00000-0000^CAS95</subfield>
</datafield>
</record>