
<?xml version="1.0" encoding="UTF-8"?>
<record xmlns="http://www.loc.gov/MARC21/slim" xmlns:xsi="http://www.w3.org/2001/XMLSchema-instance" xsi:schemaLocation="http://www.loc.gov/MARC21/slim   http://www.loc.gov/standards/marcxml/schema/MARC21slim.xsd">
<leader>     cem  2200193Ia 4500</leader>
<controlfield tag="001">011508305-7</controlfield>
<controlfield tag="005">20120406101142.0</controlfield>
<controlfield tag="008">080708p18941885maude^^^^^a^^^^^0^^^eng^d</controlfield>
<datafield ind1="0" ind2=" " tag="034">
<subfield code="a">a</subfield>
<subfield code="d">W0943117</subfield>
<subfield code="e">W0531746</subfield>
<subfield code="f">N0280304</subfield>
<subfield code="g">N0043600</subfield>
</datafield>
<datafield ind1="0" ind2=" " tag="035">
<subfield code="a">ocn233577357</subfield>
</datafield>
<datafield ind1=" " ind2=" " tag="040">
<subfield code="a">HLS</subfield>
<subfield code="c">HLS</subfield>
<subfield code="d">HLS</subfield>
<subfield code="d">HMM</subfield>
</datafield>
<datafield ind1=" " ind2=" " tag="052">
<subfield code="a">4392</subfield>
<subfield code="b">C3</subfield>
</datafield>
<datafield ind1=" " ind2=" " tag="090">
<subfield code="a">G4392.C3S12 1885</subfield>
<subfield code="b">.U5 1894</subfield>
</datafield>
<datafield ind1="1" ind2=" " tag="110">
<subfield code="a">United States.</subfield>
<subfield code="b">Hydrographic Office.</subfield>
</datafield>
<datafield ind1="1" ind2="0" tag="245">
<subfield code="a">Contour map of the Caribbean Sea 1885 /</subfield>
<subfield code="c">prepared from data furnished by the U.S. Hydrographic Office, based on the deep-sea soundings of the U.S.C.S.Str. Blake and the U.S.F.Str. Albatross.</subfield>
</datafield>
<datafield ind1=" " ind2=" " tag="255">
<subfield code="a">Scale not given</subfield>
<subfield code="c">(W 94⁰31ʹ17ʺ--W 53⁰17ʹ46ʺ/N 28⁰03ʹ04ʺ--N 4⁰36ʹ00ʺ).</subfield>
</datafield>
<datafield ind1=" " ind2=" " tag="260">
<subfield code="a">[Cambridge, Mass. :</subfield>
<subfield code="b">Museum of Comparative Zoology,</subfield>
<subfield code="c">1894]</subfield>
</datafield>
<datafield ind1=" " ind2=" " tag="300">
<subfield code="a">1 map ;</subfield>
<subfield code="c">29 x 45 cm.</subfield>
</datafield>
<datafield ind1=" " ind2=" " tag="500">
<subfield code="a">Relief shown by hachures. Depths shown by isolines and soundings.</subfield>
</datafield>
<datafield ind1=" " ind2=" " tag="500">
<subfield code="a">Appears in: Bulletin. Museum of Comparative Zoology (Geological and Zoological series) 26, part 1 (1894), plate 8.</subfield>
</datafield>
<datafield ind1=" " ind2="0" tag="651">
<subfield code="a">Caribbean Sea</subfield>
<subfield code="x">Discoveries and exploration</subfield>
<subfield code="v">Maps.</subfield>
</datafield>
<datafield ind1=" " ind2="0" tag="650">
<subfield code="a">Discoveries in geography</subfield>
<subfield code="y">19th century.</subfield>
</datafield>
<datafield ind1="2" ind2="0" tag="610">
<subfield code="a">Albatross (Steamer)</subfield>
</datafield>
<datafield ind1=" " ind2="0" tag="830">
<subfield code="a">Open Collections Program at Harvard University.</subfield>
<subfield code="p">Expeditions and discoveries.</subfield>
<subfield code="5">net</subfield>
</datafield>
<datafield ind1=" " ind2="0" tag="830">
<subfield code="a">Harvard Map Collection digital maps.</subfield>
<subfield code="5">net</subfield>
</datafield>
<datafield ind1=" " ind2=" " tag="OWN">
<subfield code="a">NET</subfield>
</datafield>
<datafield ind1=" " ind2=" " tag="843">
<subfield code="a">Electronic reproduction.</subfield>
<subfield code="b">Cambridge, Mass. :</subfield>
<subfield code="c">Harvard College Library Digital Imaging Group,</subfield>
<subfield code="d">2008.</subfield>
<subfield code="f">(Open Collections Program at Harvard University. Exploration and discovery.)</subfield>
<subfield code="n">Copy digitized: Harvard Map Collection: G4392.C3S12 1885.U5 1894.</subfield>
<subfield code="7">s2008^^^^maun^s</subfield>
</datafield>
<datafield ind1=" " ind2=" " tag="852">
<subfield code="b">NET</subfield>
<subfield code="c">GEN</subfield>
</datafield>
<datafield ind1=" " ind2=" " tag="506">
<subfield code="a">No restrictions on access copy.</subfield>
</datafield>
<datafield ind1="4" ind2="1" tag="856">
<subfield code="u">http://nrs.harvard.edu/urn-3:FHCL:2092211?buttons=y</subfield>
</datafield>
<datafield ind1=" " ind2=" " tag="H08">
<subfield code="a">c</subfield>
<subfield code="b">20081020</subfield>
</datafield>
<datafield ind1=" " ind2=" " tag="H09">
<subfield code="k">netmap</subfield>
<subfield code="m">css</subfield>
</datafield>
<datafield ind1=" " ind2=" " tag="OWN">
<subfield code="a">NET</subfield>
</datafield>
<datafield ind1="0" ind2=" " tag="506">
<subfield code="a">No restrictions on access.</subfield>
</datafield>
<datafield ind1=" " ind2=" " tag="843">
<subfield code="a">Electronic reproduction.</subfield>
<subfield code="b">Cambridge, Mass. :</subfield>
<subfield code="c">Harvard Geospatial Library,</subfield>
<subfield code="d">2011.</subfield>
<subfield code="n">Georeferenced image for use in a GIS.</subfield>
<subfield code="7">s2011^^^^maun^s</subfield>
</datafield>
<datafield ind1=" " ind2=" " tag="852">
<subfield code="b">NET</subfield>
<subfield code="c">GEN</subfield>
</datafield>
<datafield ind1="4" ind2="1" tag="856">
<subfield code="z">Harvard Geospatial Library georeferenced image</subfield>
<subfield code="u">http://nrs.harvard.edu/urn-3:HUL.gisdata:011508305</subfield>
</datafield>
<datafield ind1=" " ind2=" " tag="H08">
<subfield code="a">c</subfield>
<subfield code="b">20020630</subfield>
</datafield>
<datafield ind1=" " ind2=" " tag="H09">
<subfield code="k">netmap</subfield>
</datafield>
<datafield ind1=" " ind2=" " tag="H10">
<subfield code="a">O20111130^--^CAS78</subfield>
<subfield code="c">20111130^000000^11^000000^n000000-00000-0000-000^F12^0000000^n0000000-000000-00000-0000^CAS78</subfield>
</datafield>
<datafield ind1=" " ind2=" " tag="OWN">
<subfield code="a">MAP</subfield>
</datafield>
<datafield ind1=" " ind2=" " tag="XPR">
<subfield code="a">OCLC</subfield>
<subfield code="b">20080709</subfield>
</datafield>
<datafield ind1="0" ind2=" " tag="079">
<subfield code="a">ocn233577357</subfield>
</datafield>
<datafield ind1="2" ind2=" " tag="079">
<subfield code="a">ocn646179113</subfield>
</datafield>
<datafield ind1="0" ind2=" " tag="852">
<subfield code="b">MAP</subfield>
<subfield code="c">MAPLC</subfield>
<subfield code="h">G4392.C3S12 1885</subfield>
<subfield code="i">.U5 1894</subfield>
</datafield>
<datafield ind1=" " ind2=" " tag="H08">
<subfield code="a">c</subfield>
<subfield code="b">20080709</subfield>
</datafield>
<datafield ind1=" " ind2=" " tag="H09">
<subfield code="k">cssocp</subfield>
</datafield>
</record>