
<?xml version="1.0" encoding="UTF-8"?>
<record xmlns="http://www.loc.gov/MARC21/slim" xmlns:xsi="http://www.w3.org/2001/XMLSchema-instance" xsi:schemaLocation="http://www.loc.gov/MARC21/slim   http://www.loc.gov/standards/marcxml/schema/MARC21slim.xsd">
<leader>     nem  2200193Ia 4500</leader>
<controlfield tag="001">012796686-2</controlfield>
<controlfield tag="005">20110728101743.0</controlfield>
<controlfield tag="008">060924s1740^^^^gw^i^^^^^^a^^^^^1^^^lat^d</controlfield>
<datafield ind1="0" ind2=" " tag="034">
<subfield code="a">a</subfield>
</datafield>
<datafield ind1="0" ind2=" " tag="035">
<subfield code="a">ocn729835351</subfield>
</datafield>
<datafield ind1=" " ind2=" " tag="052">
<subfield code="a">4900</subfield>
</datafield>
<datafield ind1=" " ind2=" " tag="090">
<subfield code="a">G4900 1740</subfield>
<subfield code="b">.H6</subfield>
</datafield>
<datafield ind1="2" ind2=" " tag="110">
<subfield code="a">Homann Erben (Firm)</subfield>
</datafield>
<datafield ind1="1" ind2="0" tag="245">
<subfield code="a">Dominia Anglorum in praecipuis insulis Americae ut sunt insula S. Christophori, Antego, Iamaica, Barbados (insulae Antillicae), nec non insulae Bermudos vel Sommer dictae /</subfield>
<subfield code="c">singulari mappa omnia exhibita et edita ab Homannianis Heredibus = Die Englische Colonie-Laender auf den Inseln von America und zwar die Inseln S. Christophori, Antego, Iamaica, Barbados (alle Antillische Insuln) samt den Ins. Bermudos, sonst Sommer genannt / auf einem aparten Blat saemtl. vorgestellet u. herausgegeben von Homaennischen Erben.</subfield>
</datafield>
<datafield ind1="3" ind2="1" tag="246">
<subfield code="a">Englische Colonie-Laender auf den Inseln von America</subfield>
</datafield>
<datafield ind1=" " ind2=" " tag="255">
<subfield code="a">Scales differ.</subfield>
</datafield>
<datafield ind1=" " ind2=" " tag="260">
<subfield code="a">[Nürnberg] :</subfield>
<subfield code="b">Homaennische Erben,</subfield>
<subfield code="c">[1740?]</subfield>
</datafield>
<datafield ind1=" " ind2=" " tag="300">
<subfield code="a">5 maps on 1 sheet :</subfield>
<subfield code="b">hand col. ;</subfield>
<subfield code="c">48 x 55 cm.</subfield>
</datafield>
<datafield ind1=" " ind2=" " tag="500">
<subfield code="a">"Cum privil. Sac. Caes. Majestatis."</subfield>
</datafield>
<datafield ind1=" " ind2=" " tag="500">
<subfield code="a">Relief shown pictorially.</subfield>
</datafield>
<datafield ind1=" " ind2=" " tag="500">
<subfield code="a">Includes indexes.</subfield>
</datafield>
<datafield ind1="0" ind2=" " tag="505">
<subfield code="a">[1.] Delineatio insulae St. Christophori alias St. Kitts ... (scale [ca. 1:185,000]; 11 x 27 cm.); [2.] Insula Antego ad fidem prototypi Londinensis designata ... (scale [ca. 1:110,000]; (25 x 27 cm.); [3.] Insula Barbadoes in suas parochias distincta, una cum oris maritimis, viis &amp;c. ad fidem Anglicani authoris delineata (scale [ca. 1:115,000]; 22 x 27 cm.); [4.] Insula Bermudos in suas tribus divisa, cum omnibus castellis et fortalitijs, secundum exemplar Londinense delineata (scale [ca. 1:115,000]; 11 x 27 cm.); [5.] Insula Iamaica in suas parochias divisa, et secundum exemplar primitivum Londinense excusa (scale [ca. 1:1,000,000]; 15 x 27 cm.)</subfield>
</datafield>
<datafield ind1=" " ind2=" " tag="530">
<subfield code="a">Also available online.</subfield>
</datafield>
<datafield ind1=" " ind2="0" tag="651">
<subfield code="a">Jamaica</subfield>
<subfield code="v">Maps</subfield>
<subfield code="v">Early works to 1800.</subfield>
</datafield>
<datafield ind1=" " ind2="0" tag="651">
<subfield code="a">Bermuda Islands</subfield>
<subfield code="v">Maps</subfield>
<subfield code="v">Early works to 1800.</subfield>
</datafield>
<datafield ind1=" " ind2="0" tag="651">
<subfield code="a">Barbados</subfield>
<subfield code="v">Maps</subfield>
<subfield code="v">Early works to 1800.</subfield>
</datafield>
<datafield ind1=" " ind2="0" tag="651">
<subfield code="a">Antigua</subfield>
<subfield code="v">Maps</subfield>
<subfield code="v">Early works to 1800.</subfield>
</datafield>
<datafield ind1=" " ind2="0" tag="651">
<subfield code="a">Saint Kitts</subfield>
<subfield code="v">Maps</subfield>
<subfield code="v">Early works to 1800.</subfield>
</datafield>
<datafield ind1=" " ind2="0" tag="651">
<subfield code="a">West Indies</subfield>
<subfield code="v">Maps</subfield>
<subfield code="v">Early works to 1800.</subfield>
</datafield>
<datafield ind1=" " ind2="0" tag="655">
<subfield code="a">Early maps.</subfield>
</datafield>
<datafield ind1=" " ind2="0" tag="830">
<subfield code="a">Harvard Map Collection digital maps.</subfield>
<subfield code="p">West Indies.</subfield>
<subfield code="5">net</subfield>
</datafield>
<datafield ind1=" " ind2="0" tag="830">
<subfield code="a">Harvard Map Collection digital maps.</subfield>
<subfield code="p">Saint Kitts.</subfield>
<subfield code="5">net</subfield>
</datafield>
<datafield ind1=" " ind2="0" tag="830">
<subfield code="a">Harvard Map Collection digital maps.</subfield>
<subfield code="p">Antigua.</subfield>
<subfield code="5">net</subfield>
</datafield>
<datafield ind1=" " ind2="0" tag="830">
<subfield code="a">Harvard Map Collection digital maps.</subfield>
<subfield code="p">Barbados.</subfield>
<subfield code="5">net</subfield>
</datafield>
<datafield ind1=" " ind2="0" tag="830">
<subfield code="a">Harvard Map Collection digital maps.</subfield>
<subfield code="p">Bermuda.</subfield>
<subfield code="5">net</subfield>
</datafield>
<datafield ind1=" " ind2="0" tag="830">
<subfield code="a">Harvard Map Collection digital maps.</subfield>
<subfield code="p">Jamaica.</subfield>
<subfield code="5">net</subfield>
</datafield>
<datafield ind1=" " ind2=" " tag="OWN">
<subfield code="a">NET</subfield>
</datafield>
<datafield ind1="0" ind2=" " tag="506">
<subfield code="a">No restrictions on access copy.</subfield>
<subfield code="f">Unrestricted online access</subfield>
<subfield code="2">star</subfield>
<subfield code="5">MH</subfield>
</datafield>
<datafield ind1=" " ind2=" " tag="843">
<subfield code="a">Electronic reproduction.</subfield>
<subfield code="b">Cambridge, Mass. :</subfield>
<subfield code="c">Harvard Map Collection,</subfield>
<subfield code="d">2011.</subfield>
<subfield code="f">(Harvard Map Collection digital maps. West Indies).</subfield>
<subfield code="f">(Harvard Map Collection digital maps. Saint Kitts).</subfield>
<subfield code="f">(Harvard Map Collection digital maps. Antigua).</subfield>
<subfield code="f">(Harvard Map Collection digital maps. Barbados).</subfield>
<subfield code="f">(Harvard Map Collection digital maps. Bermuda).</subfield>
<subfield code="f">(Harvard Map Collection digital maps. Jamaica).</subfield>
<subfield code="7">s2011^^^^maun^s</subfield>
</datafield>
<datafield ind1=" " ind2=" " tag="852">
<subfield code="b">NET</subfield>
<subfield code="c">GEN</subfield>
</datafield>
<datafield ind1="4" ind2="1" tag="856">
<subfield code="z">Harvard Map Collection copy image</subfield>
<subfield code="u">http://nrs.harvard.edu/urn-3:FHCL:4925532?buttons=y</subfield>
</datafield>
<datafield ind1=" " ind2=" " tag="H08">
<subfield code="a">c</subfield>
<subfield code="b">20110728</subfield>
</datafield>
<datafield ind1=" " ind2=" " tag="H09">
<subfield code="k">netmap</subfield>
</datafield>
<datafield ind1=" " ind2=" " tag="H10">
<subfield code="a">O20110728^^CAS95</subfield>
<subfield code="c">20110728^000000^07^000000^n000000-00000-0000-000^F12^0000000^n0000000-000000-00000-0000^CAS95</subfield>
</datafield>
<datafield ind1=" " ind2=" " tag="OWN">
<subfield code="a">MAP</subfield>
</datafield>
<datafield ind1=" " ind2=" " tag="XPR">
<subfield code="a">OCLC</subfield>
<subfield code="b">20110607</subfield>
</datafield>
<datafield ind1="0" ind2=" " tag="079">
<subfield code="a">ocn729835351</subfield>
</datafield>
<datafield ind1="2" ind2=" " tag="079">
<subfield code="a">ocn904902484</subfield>
</datafield>
<datafield ind1=" " ind2=" " tag="H08">
<subfield code="a">c</subfield>
<subfield code="b">20110607</subfield>
</datafield>
<datafield ind1=" " ind2=" " tag="561">
<subfield code="a">Christophe Daniel Ebeling Collection, no. 4981. Gift of Israel Thorndike, 1818.</subfield>
<subfield code="5">map</subfield>
</datafield>
<datafield ind1="0" ind2=" " tag="852">
<subfield code="b">MAP</subfield>
<subfield code="c">MAPLC</subfield>
<subfield code="h">G4900 1740</subfield>
<subfield code="i">.H6</subfield>
</datafield>
<datafield ind1=" " ind2=" " tag="H10">
<subfield code="a">O20110607^--^CA440</subfield>
<subfield code="b">20110607^0001^060001^F1100001^p0001-00-00-00^CA440</subfield>
<subfield code="e">4</subfield>
</datafield>
</record>