
<?xml version="1.0" encoding="UTF-8"?>
<record xmlns="http://www.loc.gov/MARC21/slim" xmlns:xsi="http://www.w3.org/2001/XMLSchema-instance" xsi:schemaLocation="http://www.loc.gov/MARC21/slim   http://www.loc.gov/standards/marcxml/schema/MARC21slim.xsd">
<leader>     cem  2200193Ia 4500</leader>
<controlfield tag="001">012803505-6</controlfield>
<controlfield tag="005">20110805114238.0</controlfield>
<controlfield tag="008">870303s1796^^^^gw^i^^^^^^a^^^^^0^^^ger^d</controlfield>
<datafield ind1="1" ind2=" " tag="034">
<subfield code="a">a</subfield>
<subfield code="b">1200000</subfield>
<subfield code="d">W0890000</subfield>
<subfield code="e">W0570000</subfield>
<subfield code="f">N0340000</subfield>
<subfield code="g">N0010000</subfield>
</datafield>
<datafield ind1="0" ind2=" " tag="035">
<subfield code="a">ocm15261772</subfield>
</datafield>
<datafield ind1=" " ind2=" " tag="040">
<subfield code="a">UIU</subfield>
<subfield code="c">UIU</subfield>
<subfield code="d">OCL</subfield>
<subfield code="d">OCLCQ</subfield>
<subfield code="d">OCLCG</subfield>
</datafield>
<datafield ind1=" " ind2=" " tag="043">
<subfield code="a">cc-----</subfield>
</datafield>
<datafield ind1=" " ind2=" " tag="052">
<subfield code="a">4900</subfield>
</datafield>
<datafield ind1=" " ind2=" " tag="090">
<subfield code="a">G4900 1796</subfield>
<subfield code="b">.C3</subfield>
</datafield>
<datafield ind1="1" ind2=" " tag="100">
<subfield code="a">Canzler, Friedrich Gottlieb,</subfield>
<subfield code="d">1764-1811.</subfield>
</datafield>
<datafield ind1="1" ind2="0" tag="245">
<subfield code="a">Karte von Mittel America oder Westindien /</subfield>
<subfield code="c">entworfen nach bewährten Hülfsmitteln von Fridr. Gottlieb Canzler ; I.L.I. Rausch, sc.</subfield>
</datafield>
<datafield ind1="3" ind2="0" tag="246">
<subfield code="a">Westindien</subfield>
</datafield>
<datafield ind1=" " ind2=" " tag="255">
<subfield code="a">Scale [ca. 1:1,200,000]</subfield>
<subfield code="c">(W 89⁰--W 57⁰/N 34⁰--N 1⁰).</subfield>
</datafield>
<datafield ind1=" " ind2=" " tag="260">
<subfield code="a">Nürnberg :</subfield>
<subfield code="b">Bey Homanns Erben, mit Röm. Kaiserl. Privilegio,</subfield>
<subfield code="c">1796.</subfield>
</datafield>
<datafield ind1=" " ind2=" " tag="300">
<subfield code="a">1 map :</subfield>
<subfield code="b">hand col. ;</subfield>
<subfield code="c">52 x 57 cm.</subfield>
</datafield>
<datafield ind1=" " ind2=" " tag="500">
<subfield code="a">Relief shown pictorially.</subfield>
</datafield>
<datafield ind1=" " ind2=" " tag="500">
<subfield code="a">Prime meridian: Ferro.</subfield>
</datafield>
<datafield ind1=" " ind2=" " tag="500">
<subfield code="a">Inset: [Die] Küste Guiana in S. Amerika, nach Hartsinck.</subfield>
</datafield>
<datafield ind1=" " ind2=" " tag="500">
<subfield code="a">Territorial possessions of Spain, France... indicated by color.</subfield>
</datafield>
<datafield ind1=" " ind2=" " tag="530">
<subfield code="a">Also available online.</subfield>
</datafield>
<datafield ind1=" " ind2="0" tag="651">
<subfield code="a">Caribbean Area</subfield>
<subfield code="v">Maps</subfield>
<subfield code="v">Early works to 1800.</subfield>
</datafield>
<datafield ind1=" " ind2="0" tag="651">
<subfield code="a">West Indies</subfield>
<subfield code="v">Maps</subfield>
<subfield code="v">Early works to 1800.</subfield>
</datafield>
<datafield ind1="1" ind2=" " tag="700">
<subfield code="a">Rausch, I.</subfield>
</datafield>
<datafield ind1="2" ind2=" " tag="710">
<subfield code="a">Homann Erben (Firm)</subfield>
</datafield>
<datafield ind1=" " ind2="0" tag="830">
<subfield code="a">Harvard Map Collection digital maps.</subfield>
<subfield code="p">Caribbean Area.</subfield>
<subfield code="5">net</subfield>
</datafield>
<datafield ind1=" " ind2="0" tag="830">
<subfield code="a">Harvard Map Collection digital maps.</subfield>
<subfield code="p">West Indies.</subfield>
<subfield code="5">net</subfield>
</datafield>
<datafield ind1=" " ind2=" " tag="OWN">
<subfield code="a">MAP</subfield>
</datafield>
<datafield ind1=" " ind2=" " tag="H08">
<subfield code="a">c</subfield>
<subfield code="b">20110614</subfield>
</datafield>
<datafield ind1="0" ind2=" " tag="852">
<subfield code="b">MAP</subfield>
<subfield code="c">MAPLC</subfield>
<subfield code="h">G4900 1796</subfield>
<subfield code="i">.C3</subfield>
</datafield>
<datafield ind1=" " ind2=" " tag="H10">
<subfield code="a">M20110614^--^CA440</subfield>
<subfield code="b">20110614^0001^060001^F1100001^p0001-00-00-00^CA440</subfield>
<subfield code="e">I</subfield>
</datafield>
<datafield ind1=" " ind2=" " tag="OWN">
<subfield code="a">NET</subfield>
</datafield>
<datafield ind1="0" ind2=" " tag="506">
<subfield code="a">No restrictions on access copy.</subfield>
<subfield code="f">Unrestricted online access</subfield>
<subfield code="2">star</subfield>
<subfield code="5">MH</subfield>
</datafield>
<datafield ind1=" " ind2=" " tag="843">
<subfield code="a">Electronic reproduction.</subfield>
<subfield code="b">Cambridge, Mass. :</subfield>
<subfield code="c">Harvard Map Collection,</subfield>
<subfield code="d">2011.</subfield>
<subfield code="f">(Harvard Map Collection digital maps. Caribbean Area).</subfield>
<subfield code="f">(Harvard Map Collection digital maps. West Indies).</subfield>
<subfield code="7">s2011^^^^maun^s</subfield>
</datafield>
<datafield ind1=" " ind2=" " tag="852">
<subfield code="b">NET</subfield>
<subfield code="c">GEN</subfield>
</datafield>
<datafield ind1="4" ind2="1" tag="856">
<subfield code="z">Harvard Map Collection copy image</subfield>
<subfield code="u">http://nrs.harvard.edu/urn-3:FHCL:4925496?buttons=y</subfield>
</datafield>
<datafield ind1=" " ind2=" " tag="H08">
<subfield code="a">c</subfield>
<subfield code="b">20110719</subfield>
</datafield>
<datafield ind1=" " ind2=" " tag="H09">
<subfield code="k">netmap</subfield>
</datafield>
<datafield ind1=" " ind2=" " tag="H10">
<subfield code="a">O20110719^^CAS95</subfield>
<subfield code="c">20110719^000000^07^000000^n000000-00000-0000-000^F12^0000000^n0000000-000000-00000-0000^CAS95</subfield>
</datafield>
</record>