
<?xml version="1.0" encoding="UTF-8"?>
<record xmlns="http://www.loc.gov/MARC21/slim" xmlns:xsi="http://www.w3.org/2001/XMLSchema-instance" xsi:schemaLocation="http://www.loc.gov/MARC21/slim   http://www.loc.gov/standards/marcxml/schema/MARC21slim.xsd">
<leader>     cem  2200193Ia 4500</leader>
<controlfield tag="001">012844304-9</controlfield>
<controlfield tag="005">20110902193537.0</controlfield>
<controlfield tag="008">990428s1815^^^^stkd^^^^^^a^^^^^0^^^eng^d</controlfield>
<datafield ind1="1" ind2=" " tag="034">
<subfield code="a">a</subfield>
<subfield code="b">180000</subfield>
</datafield>
<datafield ind1="1" ind2=" " tag="034">
<subfield code="a">a</subfield>
<subfield code="b">140000</subfield>
</datafield>
<datafield ind1="0" ind2=" " tag="035">
<subfield code="a">ocm43222960</subfield>
</datafield>
<datafield ind1=" " ind2=" " tag="040">
<subfield code="a">EQO</subfield>
<subfield code="c">EQO</subfield>
<subfield code="d">OCL</subfield>
<subfield code="d">OCLCQ</subfield>
</datafield>
<datafield ind1=" " ind2=" " tag="043">
<subfield code="a">nw-----</subfield>
</datafield>
<datafield ind1=" " ind2=" " tag="052">
<subfield code="a">4900</subfield>
</datafield>
<datafield ind1=" " ind2=" " tag="052">
<subfield code="a">5080</subfield>
</datafield>
<datafield ind1=" " ind2=" " tag="052">
<subfield code="a">5100</subfield>
</datafield>
<datafield ind1=" " ind2=" " tag="090">
<subfield code="a">G4900 1815</subfield>
<subfield code="b">.J6</subfield>
</datafield>
<datafield ind1="2" ind2=" " tag="110">
<subfield code="a">John Thomson &amp; Co.</subfield>
</datafield>
<datafield ind1="0" ind2="0" tag="245">
<subfield code="a">West India Islands /</subfield>
<subfield code="c">engraved by Kirkwood &amp; Son, Edinr.</subfield>
</datafield>
<datafield ind1=" " ind2=" " tag="255">
<subfield code="a">Scale [ca. 1:180,000].</subfield>
</datafield>
<datafield ind1=" " ind2=" " tag="255">
<subfield code="a">Scale [ca. 1:140,000].</subfield>
</datafield>
<datafield ind1=" " ind2=" " tag="260">
<subfield code="a">[Edinburgh :</subfield>
<subfield code="b">Drawn and engraved for Thomson's New General Atlas,</subfield>
<subfield code="c">Feb. 1815]</subfield>
</datafield>
<datafield ind1=" " ind2=" " tag="300">
<subfield code="a">2 maps on 1 sheet :</subfield>
<subfield code="b">hand col. ;</subfield>
<subfield code="c">48 x 40 cm. and 48 x 25 cm on sheet 54 x 68 cm.</subfield>
</datafield>
<datafield ind1=" " ind2=" " tag="500">
<subfield code="a">Relief shown by hachures.</subfield>
</datafield>
<datafield ind1=" " ind2=" " tag="500">
<subfield code="a">Ferro and London meridians.</subfield>
</datafield>
<datafield ind1=" " ind2=" " tag="500">
<subfield code="a">Inset map in the map of Martinique: "Cul de Sac Royal."</subfield>
</datafield>
<datafield ind1=" " ind2=" " tag="500">
<subfield code="a">Imprint derived from the atlas in which the map was issued.</subfield>
</datafield>
<datafield ind1=" " ind2=" " tag="500">
<subfield code="a">Shows rivers, woods and settlements.</subfield>
</datafield>
<datafield ind1="0" ind2=" " tag="505">
<subfield code="a">Martinico. (Scale [1:180,000]) -- Dominica (Scale [1:140,000]).</subfield>
</datafield>
<datafield ind1=" " ind2=" " tag="530">
<subfield code="a">Also available online.</subfield>
</datafield>
<datafield ind1=" " ind2="0" tag="651">
<subfield code="a">Martinique</subfield>
<subfield code="v">Maps.</subfield>
</datafield>
<datafield ind1=" " ind2="0" tag="651">
<subfield code="a">Dominica</subfield>
<subfield code="v">Maps.</subfield>
</datafield>
<datafield ind1=" " ind2="7" tag="655">
<subfield code="a">Maps.</subfield>
<subfield code="2">lcgft.</subfield>
</datafield>
<datafield ind1="2" ind2=" " tag="710">
<subfield code="a">John Thomson &amp; Co.</subfield>
<subfield code="t">New general atlas.</subfield>
</datafield>
<datafield ind1="2" ind2=" " tag="710">
<subfield code="a">Kirkwood &amp; Sons,</subfield>
<subfield code="e">engraver.</subfield>
</datafield>
<datafield ind1="0" ind2="2" tag="740">
<subfield code="a">Martinico.</subfield>
</datafield>
<datafield ind1="0" ind2="2" tag="740">
<subfield code="a">Dominica.</subfield>
</datafield>
<datafield ind1=" " ind2="0" tag="830">
<subfield code="a">Harvard Map Collection digital maps.</subfield>
<subfield code="p">Martinique.</subfield>
<subfield code="5">net</subfield>
</datafield>
<datafield ind1=" " ind2="0" tag="830">
<subfield code="a">Harvard Map Collection digital maps.</subfield>
<subfield code="p">Dominica.</subfield>
<subfield code="5">net</subfield>
</datafield>
<datafield ind1=" " ind2=" " tag="OWN">
<subfield code="a">MAP</subfield>
</datafield>
<datafield ind1=" " ind2=" " tag="XPR">
<subfield code="a">OCLC</subfield>
<subfield code="b">20110802</subfield>
</datafield>
<datafield ind1=" " ind2=" " tag="H08">
<subfield code="a">c</subfield>
<subfield code="b">20110802</subfield>
</datafield>
<datafield ind1="0" ind2=" " tag="852">
<subfield code="b">MAP</subfield>
<subfield code="c">MAPLC</subfield>
<subfield code="h">G4900 1815</subfield>
<subfield code="i">.J6</subfield>
</datafield>
<datafield ind1=" " ind2=" " tag="H10">
<subfield code="a">M20110802^--^CA440</subfield>
<subfield code="c">20110802^000001^08^000001^p000001-00000-0000-000^F12^0000001^p0000001-000000-00000-0000^CA440</subfield>
<subfield code="e">M</subfield>
</datafield>
<datafield ind1=" " ind2=" " tag="OWN">
<subfield code="a">NET</subfield>
</datafield>
<datafield ind1="0" ind2=" " tag="506">
<subfield code="a">No restrictions on access copy.</subfield>
<subfield code="f">Unrestricted online access</subfield>
<subfield code="2">star</subfield>
<subfield code="5">MH</subfield>
</datafield>
<datafield ind1=" " ind2=" " tag="843">
<subfield code="a">Electronic reproduction.</subfield>
<subfield code="b">Cambridge, Mass. :</subfield>
<subfield code="c">Harvard Map Collection,</subfield>
<subfield code="d">2011.</subfield>
<subfield code="f">(Harvard Map Collection digital maps. Martinique).</subfield>
<subfield code="f">(Harvard Map Collection digital maps. Dominica).</subfield>
<subfield code="7">s2011^^^^maun^s</subfield>
</datafield>
<datafield ind1=" " ind2=" " tag="852">
<subfield code="b">NET</subfield>
<subfield code="c">GEN</subfield>
</datafield>
<datafield ind1="4" ind2="1" tag="856">
<subfield code="z">Harvard Map Collection copy image</subfield>
<subfield code="u">http://nrs.harvard.edu/urn-3:FHCL:5110711?buttons=y</subfield>
</datafield>
<datafield ind1=" " ind2=" " tag="H08">
<subfield code="a">c</subfield>
<subfield code="b">20110824</subfield>
</datafield>
<datafield ind1=" " ind2=" " tag="H09">
<subfield code="k">netmap</subfield>
</datafield>
<datafield ind1=" " ind2=" " tag="H10">
<subfield code="a">O20110824^^CAS95</subfield>
<subfield code="c">20110824^000000^08^000000^n000000-00000-0000-000^F12^0000000^n0000000-000000-00000-0000^CAS95</subfield>
</datafield>
</record>