
<?xml version="1.0" encoding="UTF-8"?>
<record xmlns="http://www.loc.gov/MARC21/slim" xmlns:xsi="http://www.w3.org/2001/XMLSchema-instance" xsi:schemaLocation="http://www.loc.gov/MARC21/slim   http://www.loc.gov/standards/marcxml/schema/MARC21slim.xsd">
<leader>     cem  2200193Ia 4500</leader>
<controlfield tag="001">012815743-7</controlfield>
<controlfield tag="005">20110805113221.0</controlfield>
<controlfield tag="008">740109s1762^^^^enkie^^^^^a^^^^^0^^^eng^^</controlfield>
<datafield ind1=" " ind2=" " tag="010">
<subfield code="a">^^^73697703^</subfield>
<subfield code="z">^^^73697704^</subfield>
</datafield>
<datafield ind1="0" ind2=" " tag="035">
<subfield code="a">ocm05673118</subfield>
</datafield>
<datafield ind1=" " ind2=" " tag="040">
<subfield code="a">DLC</subfield>
<subfield code="c">DLC</subfield>
</datafield>
<datafield ind1=" " ind2=" " tag="043">
<subfield code="a">nwcu---</subfield>
<subfield code="a">nwbf---</subfield>
</datafield>
<datafield ind1="0" ind2="0" tag="050">
<subfield code="a">G4920 1762</subfield>
<subfield code="b">.J4</subfield>
</datafield>
<datafield ind1=" " ind2=" " tag="052">
<subfield code="a">4920</subfield>
</datafield>
<datafield ind1=" " ind2=" " tag="052">
<subfield code="a">4980</subfield>
</datafield>
<datafield ind1="1" ind2=" " tag="100">
<subfield code="a">Jefferys, Thomas,</subfield>
<subfield code="d">-1771.</subfield>
</datafield>
<datafield ind1="0" ind2="2" tag="245">
<subfield code="a">A map of the isle of Cuba,</subfield>
<subfield code="b">with the Bahama Islands, Gulf of Florida, and Windward Passage : drawn from English and Spanish surveys /</subfield>
<subfield code="c">engraved by Thomas Jefderys, Geographer to His Majesty.</subfield>
</datafield>
<datafield ind1=" " ind2=" " tag="260">
<subfield code="a">[London,</subfield>
<subfield code="c">1762]</subfield>
</datafield>
<datafield ind1=" " ind2=" " tag="300">
<subfield code="a">col. map</subfield>
<subfield code="c">35 x 49 cm.</subfield>
</datafield>
<datafield ind1=" " ind2=" " tag="507">
<subfield code="a">Scale [ca. 1:2,750,000].</subfield>
</datafield>
<datafield ind1=" " ind2=" " tag="500">
<subfield code="a">Relief shown pictorially. Depths shown by soundings.</subfield>
</datafield>
<datafield ind1=" " ind2=" " tag="500">
<subfield code="a">Hand colored.</subfield>
</datafield>
<datafield ind1="4" ind2=" " tag="510">
<subfield code="a">LC Maps of North America, 1750-1789,</subfield>
<subfield code="c">1781</subfield>
</datafield>
<datafield ind1=" " ind2=" " tag="530">
<subfield code="a">Also available online.</subfield>
</datafield>
<datafield ind1=" " ind2="0" tag="651">
<subfield code="a">Bahamas</subfield>
<subfield code="x">Maps</subfield>
<subfield code="v">Early works to 1800.</subfield>
</datafield>
<datafield ind1=" " ind2="0" tag="651">
<subfield code="a">Cuba</subfield>
<subfield code="x">Maps</subfield>
<subfield code="v">Early works to 1800.</subfield>
</datafield>
<datafield ind1=" " ind2="0" tag="655">
<subfield code="a">Early maps.</subfield>
</datafield>
<datafield ind1=" " ind2="0" tag="830">
<subfield code="a">Harvard Map Collection digital maps.</subfield>
<subfield code="p">Cuba.</subfield>
<subfield code="5">net</subfield>
</datafield>
<datafield ind1=" " ind2="0" tag="830">
<subfield code="a">Harvard Map Collection digital maps.</subfield>
<subfield code="p">Bahamas.</subfield>
<subfield code="5">net</subfield>
</datafield>
<datafield ind1=" " ind2=" " tag="OWN">
<subfield code="a">MAP</subfield>
</datafield>
<datafield ind1=" " ind2=" " tag="XPR">
<subfield code="a">OCLC</subfield>
<subfield code="b">20110630</subfield>
</datafield>
<datafield ind1=" " ind2=" " tag="H08">
<subfield code="a">c</subfield>
<subfield code="b">20110630</subfield>
</datafield>
<datafield ind1="0" ind2=" " tag="852">
<subfield code="b">MAP</subfield>
<subfield code="c">MAPLC</subfield>
<subfield code="h">G4920 1762</subfield>
<subfield code="i">.J4</subfield>
</datafield>
<datafield ind1=" " ind2=" " tag="H10">
<subfield code="a">C20110630^--^CA440</subfield>
<subfield code="b">20110630^0001^060001^F1100001^p0001-00-00-00^CA440</subfield>
<subfield code="e">^</subfield>
</datafield>
<datafield ind1=" " ind2=" " tag="OWN">
<subfield code="a">NET</subfield>
</datafield>
<datafield ind1="0" ind2=" " tag="506">
<subfield code="a">No restrictions on access copy.</subfield>
<subfield code="f">Unrestricted online access</subfield>
<subfield code="2">star</subfield>
<subfield code="5">MH</subfield>
</datafield>
<datafield ind1=" " ind2=" " tag="843">
<subfield code="a">Electronic reproduction.</subfield>
<subfield code="b">Cambridge, Mass. :</subfield>
<subfield code="c">Harvard Map Collection,</subfield>
<subfield code="d">2011.</subfield>
<subfield code="f">(Harvard Map Collection digital maps. Cuba).</subfield>
<subfield code="f">(Harvard Map Collection digital maps. Bahamas).</subfield>
<subfield code="7">s2011^^^^maun^s</subfield>
</datafield>
<datafield ind1=" " ind2=" " tag="852">
<subfield code="b">NET</subfield>
<subfield code="c">GEN</subfield>
</datafield>
<datafield ind1="4" ind2="1" tag="856">
<subfield code="z">Harvard Map Collection copy image</subfield>
<subfield code="u">http://nrs.harvard.edu/urn-3:FHCL:5024921?buttons=y</subfield>
</datafield>
<datafield ind1=" " ind2=" " tag="H08">
<subfield code="a">c</subfield>
<subfield code="b">20110801</subfield>
</datafield>
<datafield ind1=" " ind2=" " tag="H09">
<subfield code="k">netmap</subfield>
</datafield>
<datafield ind1=" " ind2=" " tag="H10">
<subfield code="a">O20110801^^CAS95</subfield>
<subfield code="c">20110801^000000^08^000000^n000000-00000-0000-000^F12^0000000^n0000000-000000-00000-0000^CAS95</subfield>
</datafield>
</record>