
<?xml version="1.0" encoding="UTF-8"?>
<record xmlns="http://www.loc.gov/MARC21/slim" xmlns:xsi="http://www.w3.org/2001/XMLSchema-instance" xsi:schemaLocation="http://www.loc.gov/MARC21/slim   http://www.loc.gov/standards/marcxml/schema/MARC21slim.xsd">
<leader>     nem  2200193Ia 4500</leader>
<controlfield tag="001">012850608-3</controlfield>
<controlfield tag="005">20130816190347.0</controlfield>
<controlfield tag="008">100527s1783^^^^sp^dei^^^^a^^^^^0^^^spa^d</controlfield>
<datafield ind1="1" ind2=" " tag="034">
<subfield code="a">a</subfield>
<subfield code="b">1450000</subfield>
</datafield>
<datafield ind1="0" ind2=" " tag="035">
<subfield code="a">ocn631697930</subfield>
</datafield>
<datafield ind1=" " ind2=" " tag="040">
<subfield code="a">RIBRL</subfield>
<subfield code="b">eng</subfield>
<subfield code="c">RIBRL</subfield>
</datafield>
<datafield ind1=" " ind2=" " tag="052">
<subfield code="a">4920</subfield>
</datafield>
<datafield ind1=" " ind2=" " tag="090">
<subfield code="a">G4920 1783</subfield>
<subfield code="b">.L6</subfield>
</datafield>
<datafield ind1="1" ind2=" " tag="100">
<subfield code="a">López, Juan,</subfield>
<subfield code="d">1765-1825.</subfield>
</datafield>
<datafield ind1="1" ind2="0" tag="245">
<subfield code="a">Carta maritima de la Isla de Cuba, que comprehende las juridicciones de Filipina, la Havana, las quatro Villas, la de la Villa del Puerto del Principe, el Bayamo y la de la Ciudad de Cuba /</subfield>
<subfield code="c">Por Don Juan Lopez, Pensionista de S.M.</subfield>
</datafield>
<datafield ind1=" " ind2=" " tag="255">
<subfield code="a">Scale [ca. 1:1,450,000].</subfield>
</datafield>
<datafield ind1=" " ind2=" " tag="260">
<subfield code="a">Madrid :</subfield>
<subfield code="b">Se hallará este con las obras de mi Padre y las mias en Madrid, calle de las Carretas,</subfield>
<subfield code="c">Año de 1783.</subfield>
</datafield>
<datafield ind1=" " ind2=" " tag="300">
<subfield code="a">1 map on 2 sheets :</subfield>
<subfield code="b">outline hand col. ;</subfield>
<subfield code="c">36 x 83 cm., sheets 36 x 43 cm. or smaller.</subfield>
</datafield>
<datafield ind1=" " ind2=" " tag="500">
<subfield code="a">Relief shown by hachures and pictorially. Depths shown by soundings.</subfield>
</datafield>
<datafield ind1=" " ind2=" " tag="500">
<subfield code="a">Includes the Cayman Islands and the southen part of the Bahamas (Exuma, Inagua).</subfield>
</datafield>
<datafield ind1=" " ind2=" " tag="500">
<subfield code="a">Conventional symbolism for hills, and for drowned lands; signs appear for municipal and ecclesiastical authorities and for the centers of estates ("hato, ó caserio"), keyed to an "Explicacion de las Señales" on sheet 2. The customary track of the galleons from Cartagena to Havana, and thence to Spain, is marked; compass indicator on sheet 2. Soundings given plentifully around the coast.</subfield>
</datafield>
<datafield ind1=" " ind2=" " tag="500">
<subfield code="a">Title in lower left corner of sheet 1, in an elaborate rococo cartouche of a shell with marine motifs. On the right of this sheet a long note accounts for the sources of this map as an (anonymous) manuscript drawn in Havana in 1770; ditto, manuscripts by Antonio López y Gómez, and Agustín Crame, and one of the Gulf of Mexico by various Spanish pilots. Debts are acknowledged also to Jefferys' printed map in The West India atlas, drawn from a Spanish map taken in Havana in 1762; and from other sources given here; and to Andrés García de Céspedes, Hidrografía, on the correction of the 16th-century Padrón Real so far as the Old Bahama Channel was concerned, by pilots named Acosta.</subfield>
</datafield>
<datafield ind1=" " ind2=" " tag="500">
<subfield code="a">Mercator's projection. Prime meridian of Tenerife, Canary Is.</subfield>
</datafield>
<datafield ind1=" " ind2=" " tag="530">
<subfield code="a">Also available online.</subfield>
</datafield>
<datafield ind1=" " ind2=" " tag="500">
<subfield code="a">Given on a scale of "Leguas Maritimas que se usan en España, Francia, é Inglaterra, de las que entran 20 en un grado," up the left-hand side of sheet 1.</subfield>
</datafield>
<datafield ind1=" " ind2=" " tag="500">
<subfield code="a">Engraved map.</subfield>
</datafield>
<datafield ind1=" " ind2=" " tag="500">
<subfield code="a">References: BMPM 9/228.</subfield>
</datafield>
<datafield ind1=" " ind2="0" tag="651">
<subfield code="a">Cuba</subfield>
<subfield code="v">Maps</subfield>
<subfield code="v">Early works to 1800.</subfield>
</datafield>
<datafield ind1=" " ind2=" " tag="653">
<subfield code="a">Imprint 1783</subfield>
</datafield>
<datafield ind1=" " ind2="7" tag="655">
<subfield code="a">Maps.</subfield>
<subfield code="2">lcgft.</subfield>
</datafield>
<datafield ind1=" " ind2="7" tag="655">
<subfield code="a">Early maps.</subfield>
<subfield code="2">lcgft.</subfield>
</datafield>
<datafield ind1=" " ind2=" " tag="752">
<subfield code="a">Spain</subfield>
<subfield code="d">Madrid.</subfield>
</datafield>
<datafield ind1=" " ind2="0" tag="830">
<subfield code="a">Harvard Map Collection digital maps.</subfield>
<subfield code="p">Cuba.</subfield>
<subfield code="5">net</subfield>
</datafield>
<datafield ind1=" " ind2=" " tag="OWN">
<subfield code="a">NET</subfield>
</datafield>
<datafield ind1="0" ind2=" " tag="506">
<subfield code="a">No restrictions on access copy.</subfield>
<subfield code="f">Unrestricted online access</subfield>
<subfield code="2">star</subfield>
<subfield code="5">MH</subfield>
</datafield>
<datafield ind1=" " ind2=" " tag="843">
<subfield code="a">Electronic reproduction.</subfield>
<subfield code="b">Cambridge, Mass. :</subfield>
<subfield code="c">Harvard College Library Digital Imaging Group,</subfield>
<subfield code="d">2013.</subfield>
<subfield code="f">(Harvard Map Collection digital maps. Cuba).</subfield>
<subfield code="n">Stitched digital image compiled from 2 source images using image editing software.</subfield>
<subfield code="7">s2013^^^^maun^s</subfield>
</datafield>
<datafield ind1=" " ind2=" " tag="852">
<subfield code="b">NET</subfield>
<subfield code="c">GEN</subfield>
</datafield>
<datafield ind1="4" ind2="1" tag="856">
<subfield code="z">Harvard Map Collection copy image, compiled from 2 original images</subfield>
<subfield code="u">http://nrs.harvard.edu/urn-3:FHCL:10859928?buttons=y</subfield>
</datafield>
<datafield ind1=" " ind2=" " tag="H08">
<subfield code="a">c</subfield>
<subfield code="b">20130724</subfield>
</datafield>
<datafield ind1=" " ind2=" " tag="H09">
<subfield code="k">netmap</subfield>
</datafield>
<datafield ind1="1" ind2="1" tag="H20">
<subfield code="a">o</subfield>
<subfield code="b">n</subfield>
<subfield code="d">20130724</subfield>
<subfield code="e">CA</subfield>
<subfield code="f">623</subfield>
<subfield code="g">I</subfield>
</datafield>
<datafield ind1=" " ind2=" " tag="OWN">
<subfield code="a">MAP</subfield>
</datafield>
<datafield ind1=" " ind2=" " tag="XPR">
<subfield code="a">OCLC</subfield>
<subfield code="b">20110811</subfield>
</datafield>
<datafield ind1="0" ind2=" " tag="079">
<subfield code="a">ocn631697930</subfield>
</datafield>
<datafield ind1="2" ind2=" " tag="079">
<subfield code="a">ocn854506255</subfield>
</datafield>
<datafield ind1=" " ind2=" " tag="561">
<subfield code="a">Christophe Daniel Ebeling Collection, no. 4952. Gift of Israel Thorndike, 1818.</subfield>
<subfield code="5">map</subfield>
</datafield>
<datafield ind1="0" ind2="0" tag="853">
<subfield code="8">1</subfield>
<subfield code="a">sheet</subfield>
</datafield>
<datafield ind1="4" ind2="0" tag="863">
<subfield code="8">1.1</subfield>
<subfield code="a">1-2</subfield>
</datafield>
<datafield ind1="0" ind2=" " tag="852">
<subfield code="b">MAP</subfield>
<subfield code="c">MAPLC</subfield>
<subfield code="h">G4920 1783</subfield>
<subfield code="i">.L6</subfield>
</datafield>
<datafield ind1=" " ind2=" " tag="H08">
<subfield code="a">c</subfield>
<subfield code="b">20110811</subfield>
</datafield>
<datafield ind1=" " ind2=" " tag="H10">
<subfield code="a">M20110811^--^CA440</subfield>
<subfield code="c">20110811^000002^08^000002^p000002-00000-0000-000^F12^0000002^p0000002-000000-00000-0000^CA440</subfield>
<subfield code="e">I</subfield>
</datafield>
</record>