
<?xml version="1.0" encoding="UTF-8"?>
<record xmlns="http://www.loc.gov/MARC21/slim" xmlns:xsi="http://www.w3.org/2001/XMLSchema-instance" xsi:schemaLocation="http://www.loc.gov/MARC21/slim   http://www.loc.gov/standards/marcxml/schema/MARC21slim.xsd">
<leader>     cem  2200193Ia 4500</leader>
<controlfield tag="001">012814801-2</controlfield>
<controlfield tag="005">20110801140323.0</controlfield>
<controlfield tag="008">990503s1897^^^^paud^^^^^^a^^^^^0^^^spa^d</controlfield>
<datafield ind1="1" ind2=" " tag="034">
<subfield code="a">a</subfield>
<subfield code="b">1609344</subfield>
</datafield>
<datafield ind1="0" ind2=" " tag="041">
<subfield code="a">spaeng</subfield>
</datafield>
<datafield ind1=" " ind2=" " tag="052">
<subfield code="a">4920</subfield>
</datafield>
<datafield ind1=" " ind2=" " tag="090">
<subfield code="a">G4920 1897</subfield>
<subfield code="b">.S5</subfield>
</datafield>
<datafield ind1="1" ind2=" " tag="100">
<subfield code="a">Smith, John L.,</subfield>
<subfield code="d">1846-</subfield>
</datafield>
<datafield ind1="1" ind2="0" tag="245">
<subfield code="a">Mapa de la isla de Cuba.</subfield>
</datafield>
<datafield ind1=" " ind2=" " tag="255">
<subfield code="a">Scale [ca. 1:1,609,344], 100 statute miles = 10 cm.</subfield>
</datafield>
<datafield ind1=" " ind2=" " tag="260">
<subfield code="a">Philadelphia,</subfield>
<subfield code="b">J.L. Smith,</subfield>
<subfield code="c">c1897.</subfield>
</datafield>
<datafield ind1=" " ind2=" " tag="300">
<subfield code="a">1 map :</subfield>
<subfield code="b">col. ;</subfield>
<subfield code="c">47 x 85 cm.</subfield>
</datafield>
<datafield ind1=" " ind2=" " tag="500">
<subfield code="a">Relief shown by hachures.</subfield>
</datafield>
<datafield ind1=" " ind2=" " tag="500">
<subfield code="a">Insets: [Spanish territory in Western Hemisphere]--City of Habana--Province of Havana.</subfield>
</datafield>
<datafield ind1=" " ind2=" " tag="530">
<subfield code="a">Also available online.</subfield>
</datafield>
<datafield ind1=" " ind2=" " tag="546">
<subfield code="a">Title and place names in Spanish. Notes in English.</subfield>
</datafield>
<datafield ind1=" " ind2="0" tag="651">
<subfield code="a">Cuba</subfield>
<subfield code="v">Maps.</subfield>
</datafield>
<datafield ind1=" " ind2="0" tag="651">
<subfield code="a">Cuba</subfield>
<subfield code="x">Administrative and political divisions</subfield>
<subfield code="v">Maps.</subfield>
</datafield>
<datafield ind1=" " ind2="0" tag="655">
<subfield code="a">Maps.</subfield>
</datafield>
<datafield ind1=" " ind2="0" tag="830">
<subfield code="a">Harvard Map Collection digital maps.</subfield>
<subfield code="p">Cuba.</subfield>
<subfield code="5">net</subfield>
</datafield>
<datafield ind1=" " ind2=" " tag="OWN">
<subfield code="a">NET</subfield>
</datafield>
<datafield ind1="0" ind2=" " tag="506">
<subfield code="a">No restrictions on access copy.</subfield>
<subfield code="f">Unrestricted online access</subfield>
<subfield code="2">star</subfield>
<subfield code="5">MH</subfield>
</datafield>
<datafield ind1=" " ind2=" " tag="843">
<subfield code="a">Electronic reproduction.</subfield>
<subfield code="b">Cambridge, Mass. :</subfield>
<subfield code="c">Harvard Map Collection,</subfield>
<subfield code="d">2011.</subfield>
<subfield code="f">(Harvard Map Collection digital maps. Cuba).</subfield>
<subfield code="7">s2011^^^^maun^s</subfield>
</datafield>
<datafield ind1=" " ind2=" " tag="852">
<subfield code="b">NET</subfield>
<subfield code="c">GEN</subfield>
</datafield>
<datafield ind1="4" ind2="1" tag="856">
<subfield code="z">Harvard Map Collection copy image</subfield>
<subfield code="u">http://nrs.harvard.edu/urn-3:FHCL:5024924?buttons=y</subfield>
</datafield>
<datafield ind1=" " ind2=" " tag="H08">
<subfield code="a">c</subfield>
<subfield code="b">20110801</subfield>
</datafield>
<datafield ind1=" " ind2=" " tag="H09">
<subfield code="k">netmap</subfield>
</datafield>
<datafield ind1=" " ind2=" " tag="H10">
<subfield code="a">O20110801^^CAS95</subfield>
<subfield code="c">20110801^000000^08^000000^n000000-00000-0000-000^F12^0000000^n0000000-000000-00000-0000^CAS95</subfield>
</datafield>
<datafield ind1=" " ind2=" " tag="OWN">
<subfield code="a">MAP</subfield>
</datafield>
<datafield ind1=" " ind2=" " tag="XPR">
<subfield code="a">OCLC</subfield>
<subfield code="b">20110628</subfield>
</datafield>
<datafield ind1=" " ind2=" " tag="H08">
<subfield code="a">c</subfield>
<subfield code="b">20110628</subfield>
</datafield>
<datafield ind1="0" ind2=" " tag="852">
<subfield code="b">MAP</subfield>
<subfield code="c">MAPLC</subfield>
<subfield code="h">G4920 1897</subfield>
<subfield code="i">.S5</subfield>
</datafield>
<datafield ind1=" " ind2=" " tag="H10">
<subfield code="a">O20110628^--^CA440</subfield>
<subfield code="b">20110628^0001^060001^F1100001^p0001-00-00-00^CA440</subfield>
<subfield code="e">I</subfield>
</datafield>
</record>