
<?xml version="1.0" encoding="UTF-8"?>
<record xmlns="http://www.loc.gov/MARC21/slim" xmlns:xsi="http://www.w3.org/2001/XMLSchema-instance" xsi:schemaLocation="http://www.loc.gov/MARC21/slim   http://www.loc.gov/standards/marcxml/schema/MARC21slim.xsd">
<leader>     cem  2200193Ia 4500</leader>
<controlfield tag="001">012814778-4</controlfield>
<controlfield tag="005">20110804171700.0</controlfield>
<controlfield tag="008">960627s1898^^^^dcudek^^^^a^^^^^0^^^eng^d</controlfield>
<datafield ind1="1" ind2=" " tag="034">
<subfield code="a">a</subfield>
<subfield code="b">1200000</subfield>
<subfield code="d">W0851100</subfield>
<subfield code="e">W0732000</subfield>
<subfield code="f">N0233600</subfield>
<subfield code="g">N0191500</subfield>
</datafield>
<datafield ind1="0" ind2=" " tag="035">
<subfield code="a">ocm34997682</subfield>
</datafield>
<datafield ind1=" " ind2=" " tag="040">
<subfield code="a">EYM</subfield>
<subfield code="c">EYM</subfield>
<subfield code="d">OCL</subfield>
<subfield code="d">OCLCQ</subfield>
</datafield>
<datafield ind1=" " ind2=" " tag="043">
<subfield code="a">nwcu---</subfield>
</datafield>
<datafield ind1=" " ind2="4" tag="050">
<subfield code="a">G4920 1898</subfield>
<subfield code="b">.U5</subfield>
</datafield>
<datafield ind1=" " ind2=" " tag="052">
<subfield code="a">4920</subfield>
</datafield>
<datafield ind1="2" ind2=" " tag="110">
<subfield code="a">U.S. Coast and Geodetic Survey.</subfield>
</datafield>
<datafield ind1="1" ind2="0" tag="245">
<subfield code="a">Cuba :</subfield>
<subfield code="b">part of chart "E" /</subfield>
<subfield code="c">Treasury Department, U.S. Coast and Geodetic Survey.</subfield>
</datafield>
<datafield ind1=" " ind2=" " tag="250">
<subfield code="a">Special ed.</subfield>
</datafield>
<datafield ind1=" " ind2=" " tag="255">
<subfield code="a">Scale 1:1,200,000</subfield>
<subfield code="c">(W 85⁰11ʹ--W 73⁰20ʹ/N 23⁰36ʹ--N 19⁰15ʹ).</subfield>
</datafield>
<datafield ind1=" " ind2=" " tag="260">
<subfield code="a">[Washington, D.C.] :</subfield>
<subfield code="b">The Survey,</subfield>
<subfield code="c">1898</subfield>
<subfield code="e">(Washington, D.C. :</subfield>
<subfield code="f">A.B. Graham Photo. Lith.)</subfield>
</datafield>
<datafield ind1=" " ind2=" " tag="300">
<subfield code="a">1 map :</subfield>
<subfield code="b">col. ;</subfield>
<subfield code="c">41 x 103 cm.</subfield>
</datafield>
<datafield ind1=" " ind2=" " tag="500">
<subfield code="a">Relief shown by hachures. Depths shown by soundings and isolines.</subfield>
</datafield>
<datafield ind1=" " ind2=" " tag="500">
<subfield code="a">Includes compass rose.</subfield>
</datafield>
<datafield ind1=" " ind2=" " tag="500">
<subfield code="a">"482."</subfield>
</datafield>
<datafield ind1=" " ind2=" " tag="530">
<subfield code="a">Also available online.</subfield>
</datafield>
<datafield ind1=" " ind2="0" tag="651">
<subfield code="a">Cuba</subfield>
<subfield code="v">Maps.</subfield>
</datafield>
<datafield ind1=" " ind2="0" tag="650">
<subfield code="a">Nautical charts</subfield>
<subfield code="z">Cuba.</subfield>
</datafield>
<datafield ind1=" " ind2="0" tag="655">
<subfield code="a">Nautical charts.</subfield>
</datafield>
<datafield ind1=" " ind2="7" tag="655">
<subfield code="a">Maps.</subfield>
<subfield code="2">lcgft</subfield>
</datafield>
<datafield ind1=" " ind2="0" tag="830">
<subfield code="a">Harvard Map Collection digital maps.</subfield>
<subfield code="p">Cuba.</subfield>
<subfield code="5">net</subfield>
</datafield>
<datafield ind1=" " ind2=" " tag="OWN">
<subfield code="a">NET</subfield>
</datafield>
<datafield ind1="0" ind2=" " tag="506">
<subfield code="a">No restrictions on access copy.</subfield>
<subfield code="f">Unrestricted online access</subfield>
<subfield code="2">star</subfield>
<subfield code="5">MH</subfield>
</datafield>
<datafield ind1=" " ind2=" " tag="843">
<subfield code="a">Electronic reproduction.</subfield>
<subfield code="b">Cambridge, Mass. :</subfield>
<subfield code="c">Harvard Map Collection,</subfield>
<subfield code="d">2011.</subfield>
<subfield code="f">(Harvard Map Collection digital maps. Cuba).</subfield>
<subfield code="7">s2011^^^^maun^s</subfield>
</datafield>
<datafield ind1=" " ind2=" " tag="852">
<subfield code="b">NET</subfield>
<subfield code="c">GEN</subfield>
</datafield>
<datafield ind1="4" ind2="1" tag="856">
<subfield code="z">Harvard Map Collection copy image</subfield>
<subfield code="u">http://nrs.harvard.edu/urn-3:FHCL:5024925?buttons=y</subfield>
</datafield>
<datafield ind1=" " ind2=" " tag="H08">
<subfield code="a">c</subfield>
<subfield code="b">20110804</subfield>
</datafield>
<datafield ind1=" " ind2=" " tag="H09">
<subfield code="k">netmap</subfield>
</datafield>
<datafield ind1=" " ind2=" " tag="H10">
<subfield code="a">O20110804^^CAS95</subfield>
<subfield code="c">20110804^000000^08^000000^n000000-00000-0000-000^F12^0000000^n0000000-000000-00000-0000^CAS95</subfield>
</datafield>
<datafield ind1=" " ind2=" " tag="OWN">
<subfield code="a">MAP</subfield>
</datafield>
<datafield ind1=" " ind2=" " tag="XPR">
<subfield code="a">OCLC</subfield>
<subfield code="b">20110628</subfield>
</datafield>
<datafield ind1="0" ind2=" " tag="079">
<subfield code="a">ocm34997682</subfield>
</datafield>
<datafield ind1="2" ind2=" " tag="079">
<subfield code="a">ocn859452302</subfield>
</datafield>
<datafield ind1=" " ind2=" " tag="H08">
<subfield code="a">c</subfield>
<subfield code="b">20110628</subfield>
</datafield>
<datafield ind1="0" ind2=" " tag="852">
<subfield code="b">MAP</subfield>
<subfield code="c">MAPLC</subfield>
<subfield code="h">G4920 1898</subfield>
<subfield code="i">.U5</subfield>
<subfield code="m">oversize</subfield>
</datafield>
<datafield ind1=" " ind2=" " tag="H10">
<subfield code="a">M20110628^--^CA440</subfield>
<subfield code="b">20110628^0001^060001^F1100001^p0001-00-00-00^CA440</subfield>
<subfield code="e">I</subfield>
</datafield>
</record>