
<?xml version="1.0" encoding="UTF-8"?>
<record xmlns="http://www.loc.gov/MARC21/slim" xmlns:xsi="http://www.w3.org/2001/XMLSchema-instance" xsi:schemaLocation="http://www.loc.gov/MARC21/slim   http://www.loc.gov/standards/marcxml/schema/MARC21slim.xsd">
<leader>     cem  2200193Ia 4500</leader>
<controlfield tag="001">012814743-1</controlfield>
<controlfield tag="005">20110804172207.0</controlfield>
<controlfield tag="008">740501m17401762gw^ide^^^^a^^^^^1^^^ger^^</controlfield>
<datafield ind1=" " ind2=" " tag="010">
<subfield code="a">^^^74690542^</subfield>
</datafield>
<datafield ind1="1" ind2=" " tag="034">
<subfield code="a">a</subfield>
<subfield code="b">31500</subfield>
<subfield code="b">80000</subfield>
</datafield>
<datafield ind1="0" ind2=" " tag="035">
<subfield code="a">ocm05673124</subfield>
</datafield>
<datafield ind1=" " ind2=" " tag="040">
<subfield code="a">DLC</subfield>
<subfield code="c">DLC</subfield>
<subfield code="d">OCLCG</subfield>
</datafield>
<datafield ind1=" " ind2=" " tag="043">
<subfield code="a">nwcu---</subfield>
<subfield code="a">s-ck---</subfield>
</datafield>
<datafield ind1="0" ind2="0" tag="050">
<subfield code="a">G4924.H3 1739</subfield>
<subfield code="b">.H6</subfield>
</datafield>
<datafield ind1=" " ind2=" " tag="052">
<subfield code="a">4924</subfield>
<subfield code="b">H3</subfield>
</datafield>
<datafield ind1=" " ind2=" " tag="052">
<subfield code="a">5292</subfield>
<subfield code="b">C3</subfield>
</datafield>
<datafield ind1="2" ind2=" " tag="110">
<subfield code="a">Homann Erben (Firm)</subfield>
</datafield>
<datafield ind1="1" ind2="0" tag="245">
<subfield code="a">Neu und verbesserter Plan der St. u. Hafens Havana auf der Ins. Cvba mit den Wasser Tiefen, Sand Bæncken und Klippen nochmahten übersehen v. Pr. Chassereau Anno 1739.</subfield>
<subfield code="c">Americae sita, ichnographice repraesentata et recusa Norimbergae ab Homan. Heredibus. Neu und verbesserter Plan des Hafens von Carthagena in America, 16⁰ 26ʹ Norder Breite, nach dem Entwurf des Pr. Chassereau, Archit. 1740. nach Engelland gebracht. und ans Liechtgegeben.</subfield>
</datafield>
<datafield ind1="3" ind2=" " tag="246">
<subfield code="a">Neu und verbesserter Plan der St. u. Hafens Havana auf der Ins. Cuba mit den Wasser Tiefen, Sand Baencken und Klippen</subfield>
</datafield>
<datafield ind1="1" ind2="3" tag="246">
<subfield code="a">Neu und verbesserter Plan des Hafens von Carthagena in America</subfield>
</datafield>
<datafield ind1=" " ind2=" " tag="260">
<subfield code="a">[Norimbergae,</subfield>
<subfield code="c">between 1740 and 1762]</subfield>
</datafield>
<datafield ind1=" " ind2=" " tag="300">
<subfield code="a">2 maps on 1 sheet :</subfield>
<subfield code="b">col. ;</subfield>
<subfield code="c">each 23 x 28 cm., sheet 69 x 58 cm.</subfield>
</datafield>
<datafield ind1=" " ind2=" " tag="507">
<subfield code="a">Scale ca. 1:31,500 and ca. 1:80,000.</subfield>
</datafield>
<datafield ind1=" " ind2=" " tag="500">
<subfield code="a">Hand colored.</subfield>
</datafield>
<datafield ind1=" " ind2=" " tag="500">
<subfield code="a">Relief shown pictorially and by hachures. Depths shown by soundings.</subfield>
</datafield>
<datafield ind1=" " ind2=" " tag="500">
<subfield code="a">"Eoc officina Th. Bowles Londini, &amp; recusa. Norimb. in officina Homaniana."</subfield>
</datafield>
<datafield ind1=" " ind2=" " tag="500">
<subfield code="a">Appears in the author's Städt-Atlas; oder, Schaüplatz berühmter Städte, Vestungen, Prospeckte, Gegenden, Grundrisse, Belagerungen, etc. ... 1762.</subfield>
</datafield>
<datafield ind1=" " ind2=" " tag="500">
<subfield code="a">Includes index to points of interest, descriptive note, and view of entrance to the harbor.</subfield>
</datafield>
<datafield ind1=" " ind2=" " tag="530">
<subfield code="a">Also available online.</subfield>
</datafield>
<datafield ind1=" " ind2="0" tag="651">
<subfield code="a">Cartagena, Bay of (Colombia)</subfield>
<subfield code="v">Maps</subfield>
<subfield code="v">Early works to 1800.</subfield>
</datafield>
<datafield ind1=" " ind2="0" tag="650">
<subfield code="a">Harbors</subfield>
<subfield code="z">Cuba</subfield>
<subfield code="z">Havana</subfield>
<subfield code="v">Maps</subfield>
<subfield code="v">Early works to 1800.</subfield>
</datafield>
<datafield ind1=" " ind2="0" tag="651">
<subfield code="a">Havana (Cuba)</subfield>
<subfield code="v">Maps</subfield>
<subfield code="v">Early works to 1800.</subfield>
</datafield>
<datafield ind1=" " ind2="0" tag="650">
<subfield code="a">Nautical charts</subfield>
<subfield code="z">Cuba</subfield>
<subfield code="z">Havana</subfield>
<subfield code="v">Early works to 1800.</subfield>
</datafield>
<datafield ind1=" " ind2="0" tag="650">
<subfield code="a">Nautical charts</subfield>
<subfield code="z">Colombia</subfield>
<subfield code="z">Cartagena Bay</subfield>
<subfield code="v">Early works to 1800.</subfield>
</datafield>
<datafield ind1=" " ind2="0" tag="655">
<subfield code="a">Early maps.</subfield>
</datafield>
<datafield ind1=" " ind2="0" tag="655">
<subfield code="a">Nautical charts.</subfield>
</datafield>
<datafield ind1="1" ind2=" " tag="700">
<subfield code="a">Chassereau, Pierre.</subfield>
</datafield>
<datafield ind1="1" ind2=" " tag="700">
<subfield code="a">Bowles, Thomas,</subfield>
<subfield code="d">-1767.</subfield>
</datafield>
<datafield ind1=" " ind2="0" tag="830">
<subfield code="a">Harvard Map Collection digital maps.</subfield>
<subfield code="p">Cuba.</subfield>
<subfield code="p">Havana.</subfield>
<subfield code="5">net</subfield>
</datafield>
<datafield ind1=" " ind2="0" tag="830">
<subfield code="a">Harvard Map Collection digital maps.</subfield>
<subfield code="p">Colombia.</subfield>
<subfield code="p">Cartagena Bay.</subfield>
<subfield code="5">net</subfield>
</datafield>
<datafield ind1=" " ind2=" " tag="OWN">
<subfield code="a">NET</subfield>
</datafield>
<datafield ind1="0" ind2=" " tag="506">
<subfield code="a">No restrictions on access copy.</subfield>
<subfield code="f">Unrestricted online access</subfield>
<subfield code="2">star</subfield>
<subfield code="5">MH</subfield>
</datafield>
<datafield ind1=" " ind2=" " tag="843">
<subfield code="a">Electronic reproduction.</subfield>
<subfield code="b">Cambridge, Mass. :</subfield>
<subfield code="c">Harvard Map Collection,</subfield>
<subfield code="d">2011.</subfield>
<subfield code="f">(Harvard Map Collection digital maps. Cuba. Havana).</subfield>
<subfield code="f">(Harvard Map Collection digital maps. Colombia. Cartagena Bay).</subfield>
<subfield code="7">s2011^^^^maun^s</subfield>
</datafield>
<datafield ind1=" " ind2=" " tag="852">
<subfield code="b">NET</subfield>
<subfield code="c">GEN</subfield>
</datafield>
<datafield ind1="4" ind2="1" tag="856">
<subfield code="z">Harvard Map Collection copy image</subfield>
<subfield code="u">http://nrs.harvard.edu/urn-3:FHCL:5024927?buttons=y</subfield>
</datafield>
<datafield ind1=" " ind2=" " tag="H08">
<subfield code="a">c</subfield>
<subfield code="b">20110804</subfield>
</datafield>
<datafield ind1=" " ind2=" " tag="H09">
<subfield code="k">netmap</subfield>
</datafield>
<datafield ind1=" " ind2=" " tag="H10">
<subfield code="a">O20110804^^CAS95</subfield>
<subfield code="c">20110804^000000^08^000000^n000000-00000-0000-000^F12^0000000^n0000000-000000-00000-0000^CAS95</subfield>
</datafield>
<datafield ind1=" " ind2=" " tag="OWN">
<subfield code="a">MAP</subfield>
</datafield>
<datafield ind1=" " ind2=" " tag="XPR">
<subfield code="a">OCLC</subfield>
<subfield code="b">20110628</subfield>
</datafield>
<datafield ind1="0" ind2=" " tag="079">
<subfield code="a">ocm05673124</subfield>
</datafield>
<datafield ind1="2" ind2=" " tag="079">
<subfield code="a">ocn904902520</subfield>
</datafield>
<datafield ind1=" " ind2=" " tag="H08">
<subfield code="a">c</subfield>
<subfield code="b">20110628</subfield>
</datafield>
<datafield ind1="0" ind2=" " tag="852">
<subfield code="b">MAP</subfield>
<subfield code="c">MAPLC</subfield>
<subfield code="h">G4924.H3 1739</subfield>
<subfield code="i">.H6</subfield>
</datafield>
<datafield ind1=" " ind2=" " tag="H10">
<subfield code="a">M20110628^--^CA440</subfield>
<subfield code="b">20110628^0001^060001^F1100001^p0001-00-00-00^CA440</subfield>
<subfield code="e">^</subfield>
</datafield>
</record>