
<?xml version="1.0" encoding="UTF-8"?>
<record xmlns="http://www.loc.gov/MARC21/slim" xmlns:xsi="http://www.w3.org/2001/XMLSchema-instance" xsi:schemaLocation="http://www.loc.gov/MARC21/slim   http://www.loc.gov/standards/marcxml/schema/MARC21slim.xsd">
<leader>     nem  2200193Ia 4500</leader>
<controlfield tag="001">011148458-8</controlfield>
<controlfield tag="005">20120405173103.0</controlfield>
<controlfield tag="008">070928e17391210enkdei^^^^a^^^^^1^^^eng^d</controlfield>
<datafield ind1="1" ind2=" " tag="034">
<subfield code="a">a</subfield>
<subfield code="b">12000</subfield>
<subfield code="d">W0822328</subfield>
<subfield code="e">W0821805</subfield>
<subfield code="f">N0231034</subfield>
<subfield code="g">N0230525</subfield>
</datafield>
<datafield ind1="0" ind2=" " tag="035">
<subfield code="a">ocn173483973</subfield>
</datafield>
<datafield ind1=" " ind2=" " tag="040">
<subfield code="a">HLS</subfield>
<subfield code="c">HLS</subfield>
</datafield>
<datafield ind1=" " ind2=" " tag="052">
<subfield code="a">4924</subfield>
<subfield code="b">H3</subfield>
</datafield>
<datafield ind1=" " ind2=" " tag="090">
<subfield code="a">G4924.H3 1739</subfield>
<subfield code="b">.M5</subfield>
</datafield>
<datafield ind1="1" ind2=" " tag="100">
<subfield code="a">Milton, Thomas.</subfield>
</datafield>
<datafield ind1="1" ind2="2" tag="245">
<subfield code="a">A plan of the city and harbour of Havana :</subfield>
<subfield code="b">situated on the island of Cuba in 23d: 10m. nth. latitude &amp; in 292d: 15m longitude from the meridian of Teneriff /</subfield>
<subfield code="c">by Thomas Milton much improved &amp; altered according to the genuine plan of Captain James Rentone; J. Mynde sculpt.</subfield>
</datafield>
<datafield ind1=" " ind2=" " tag="255">
<subfield code="a">Scale [ca. 1:12,000]</subfield>
<subfield code="c">(W 82⁰23ʹ28ʺ--W 82⁰18ʹ05ʺ/N 23⁰10ʹ34ʺ--N 23⁰05ʹ25ʺ).</subfield>
</datafield>
<datafield ind1=" " ind2=" " tag="260">
<subfield code="a">London :</subfield>
<subfield code="b">Sold by S. Harding ... R. Amey ... W .H. Toms,</subfield>
<subfield code="c">Dec. 10, 1739</subfield>
</datafield>
<datafield ind1=" " ind2=" " tag="300">
<subfield code="a">1 map ;</subfield>
<subfield code="c">41 x 57 cm.</subfield>
</datafield>
<datafield ind1=" " ind2=" " tag="500">
<subfield code="a">Relief shown pictorially and by hacures. Depths shown by soundings.</subfield>
</datafield>
<datafield ind1=" " ind2=" " tag="530">
<subfield code="a">Available also as a digital image through the Harvard University Web site.</subfield>
</datafield>
<datafield ind1=" " ind2=" " tag="500">
<subfield code="a">Prime meridian: Teneriff.</subfield>
</datafield>
<datafield ind1=" " ind2=" " tag="500">
<subfield code="a">Includes "Explication".</subfield>
</datafield>
<datafield ind1=" " ind2="0" tag="651">
<subfield code="a">Havana (Cuba)</subfield>
<subfield code="v">Maps</subfield>
<subfield code="v">Eary works to 1800.</subfield>
</datafield>
<datafield ind1="1" ind2=" " tag="700">
<subfield code="a">Rentone, James.</subfield>
</datafield>
<datafield ind1="1" ind2=" " tag="700">
<subfield code="a">Mynde, J.,</subfield>
<subfield code="d">active 1740-1770.</subfield>
</datafield>
<datafield ind1="1" ind2=" " tag="700">
<subfield code="a">Harding, Samuel,</subfield>
<subfield code="d">-1755.</subfield>
</datafield>
<datafield ind1="1" ind2=" " tag="700">
<subfield code="a">Amey, Robert.</subfield>
</datafield>
<datafield ind1="1" ind2=" " tag="700">
<subfield code="a">Toms, W. H.</subfield>
<subfield code="q">(William Henry),</subfield>
<subfield code="d">approximately 1700-approximately 1750.</subfield>
</datafield>
<datafield ind1=" " ind2="0" tag="830">
<subfield code="a">Harvard Map Collection digital maps.</subfield>
<subfield code="p">Imaging the Urban Environment.</subfield>
<subfield code="5">net</subfield>
</datafield>
<datafield ind1=" " ind2="0" tag="830">
<subfield code="a">Harvard Map Collection digital maps.</subfield>
<subfield code="p">Cuba.</subfield>
<subfield code="p">Havana.</subfield>
<subfield code="5">net</subfield>
</datafield>
<datafield ind1=" " ind2=" " tag="OWN">
<subfield code="a">NET</subfield>
</datafield>
<datafield ind1="0" ind2=" " tag="506">
<subfield code="a">No restrictions on access.</subfield>
</datafield>
<datafield ind1=" " ind2=" " tag="843">
<subfield code="a">Electronic reproduction.</subfield>
<subfield code="b">Cambridge, Mass. :</subfield>
<subfield code="c">Harvard Geospatial Library,</subfield>
<subfield code="d">2009.</subfield>
<subfield code="n">Georeferenced image for use in a GIS.</subfield>
<subfield code="7">s2009^^^^maun^s</subfield>
</datafield>
<datafield ind1=" " ind2=" " tag="852">
<subfield code="b">NET</subfield>
<subfield code="c">GEN</subfield>
</datafield>
<datafield ind1="4" ind2="1" tag="856">
<subfield code="z">Harvard Geospatial Library georeferenced image</subfield>
<subfield code="u">http://nrs.harvard.edu/urn-3:HUL.gisdata:011148458</subfield>
</datafield>
<datafield ind1=" " ind2=" " tag="H08">
<subfield code="a">c</subfield>
<subfield code="b">20020630</subfield>
</datafield>
<datafield ind1=" " ind2=" " tag="H10">
<subfield code="a">O20090626^--^CS623</subfield>
<subfield code="b">20090626^0000^060000^F0900000^n0000-00-00-00^CS623</subfield>
</datafield>
<datafield ind1=" " ind2=" " tag="OWN">
<subfield code="a">MAP</subfield>
</datafield>
<datafield ind1="0" ind2=" " tag="079">
<subfield code="a">ocn173483973</subfield>
</datafield>
<datafield ind1="2" ind2=" " tag="079">
<subfield code="a">ocn646176843</subfield>
</datafield>
<datafield ind1="0" ind2=" " tag="852">
<subfield code="b">MAP</subfield>
<subfield code="c">MAPLC</subfield>
<subfield code="h">G4924.H3 1739</subfield>
<subfield code="i">.M5</subfield>
</datafield>
<datafield ind1=" " ind2=" " tag="H08">
<subfield code="a">c</subfield>
<subfield code="b">20070928</subfield>
</datafield>
<datafield ind1=" " ind2=" " tag="561">
<subfield code="a">Cooke Bequest. 1883 Dec. 22.</subfield>
<subfield code="5">HLS</subfield>
</datafield>
<datafield ind1=" " ind2=" " tag="OWN">
<subfield code="a">NET</subfield>
</datafield>
<datafield ind1=" " ind2=" " tag="843">
<subfield code="a">Electronic reproduction.</subfield>
<subfield code="b">Cambridge, Mass. :</subfield>
<subfield code="c">Harvard College Library Digital Imaging Group,</subfield>
<subfield code="d">2008.</subfield>
<subfield code="f">Harvard Map Collection digital maps. Imaging the Urban Environment.</subfield>
</datafield>
<datafield ind1=" " ind2=" " tag="852">
<subfield code="b">NET</subfield>
<subfield code="c">GEN</subfield>
</datafield>
<datafield ind1="4" ind2="1" tag="856">
<subfield code="z">Harvard Map Collection copy image</subfield>
<subfield code="u">http://nrs.harvard.edu/urn-3:FHCL:1313704?buttons=y</subfield>
</datafield>
<datafield ind1=" " ind2=" " tag="H08">
<subfield code="a">c</subfield>
<subfield code="b">20080328</subfield>
</datafield>
<datafield ind1=" " ind2=" " tag="H09">
<subfield code="k">netmap</subfield>
<subfield code="m">css</subfield>
</datafield>
</record>