
<?xml version="1.0" encoding="UTF-8"?>
<record xmlns="http://www.loc.gov/MARC21/slim" xmlns:xsi="http://www.w3.org/2001/XMLSchema-instance" xsi:schemaLocation="http://www.loc.gov/MARC21/slim   http://www.loc.gov/standards/marcxml/schema/MARC21slim.xsd">
<leader>     nem  2200193Ia 4500</leader>
<controlfield tag="001">012814410-6</controlfield>
<controlfield tag="005">20110804172745.0</controlfield>
<controlfield tag="008">100527s1798^^^^sp^de^^^^^a^^^^^0^^^spa^d</controlfield>
<datafield ind1="1" ind2=" " tag="034">
<subfield code="a">a</subfield>
<subfield code="b">14592</subfield>
</datafield>
<datafield ind1=" " ind2=" " tag="052">
<subfield code="a">4924</subfield>
<subfield code="b">H3</subfield>
</datafield>
<datafield ind1=" " ind2=" " tag="090">
<subfield code="a">G4924.H3 1798</subfield>
<subfield code="b">.R5</subfield>
</datafield>
<datafield ind1="1" ind2=" " tag="100">
<subfield code="a">Rio, José del.</subfield>
</datafield>
<datafield ind1="1" ind2="0" tag="245">
<subfield code="a">Plano del puerto y ciudad de la Havana /</subfield>
<subfield code="c">levantado por D. José del Rio, Capitan de Frageta de la Rl. Armada, Año de 1798 ; Felipe Bauza lo delineo ; Blas Amettler lo grabó.</subfield>
</datafield>
<datafield ind1=" " ind2=" " tag="255">
<subfield code="a">Scale [ca. 1:14,592], 1 naval mile = 5 in.</subfield>
</datafield>
<datafield ind1=" " ind2=" " tag="260">
<subfield code="a">[Madrid :</subfield>
<subfield code="b">s.n.],</subfield>
<subfield code="c">1798.</subfield>
</datafield>
<datafield ind1=" " ind2=" " tag="300">
<subfield code="a">1 map ;</subfield>
<subfield code="c">42 x 53 cm.</subfield>
</datafield>
<datafield ind1=" " ind2=" " tag="500">
<subfield code="a">Relief shown by hachures and depths by soundings.</subfield>
</datafield>
<datafield ind1=" " ind2=" " tag="500">
<subfield code="a">Engraved seal of Deposito Hidrográfico at lower left.</subfield>
</datafield>
<datafield ind1=" " ind2=" " tag="500">
<subfield code="a">Includes index.</subfield>
</datafield>
<datafield ind1=" " ind2=" " tag="500">
<subfield code="a">Appears in: Atlas maritimo Español... Madrid : Dirección de Hidrografia, 1789-[1814]. (Map mo. 26)</subfield>
</datafield>
<datafield ind1=" " ind2=" " tag="500">
<subfield code="a">References: Phillips, Atlases 4155, no. 26; BMPM 12/245.</subfield>
</datafield>
<datafield ind1=" " ind2=" " tag="530">
<subfield code="a">Also available online.</subfield>
</datafield>
<datafield ind1=" " ind2="0" tag="650">
<subfield code="a">Fortification</subfield>
<subfield code="z">Cuba</subfield>
<subfield code="z">Havana</subfield>
<subfield code="x">Maps</subfield>
<subfield code="v">Early works to 1800.</subfield>
</datafield>
<datafield ind1=" " ind2="0" tag="650">
<subfield code="a">Harbors</subfield>
<subfield code="z">Cuba</subfield>
<subfield code="z">Havana</subfield>
<subfield code="x">Maps</subfield>
<subfield code="v">Early works to 1800.</subfield>
</datafield>
<datafield ind1=" " ind2="0" tag="651">
<subfield code="a">Havana (Cuba)</subfield>
<subfield code="x">Maps</subfield>
<subfield code="v">Early works to 1800.</subfield>
</datafield>
<datafield ind1=" " ind2="0" tag="655">
<subfield code="a">Early maps.</subfield>
</datafield>
<datafield ind1="1" ind2=" " tag="700">
<subfield code="a">Ametller, Blas,</subfield>
<subfield code="d">1768-1841.</subfield>
</datafield>
<datafield ind1=" " ind2=" " tag="752">
<subfield code="a">Spain</subfield>
<subfield code="d">Madrid.</subfield>
</datafield>
<datafield ind1="1" ind2=" " tag="700">
<subfield code="a">Bauzá, Felipe.</subfield>
</datafield>
<datafield ind1="1" ind2=" " tag="710">
<subfield code="a">Spain.</subfield>
<subfield code="b">Depósito Hidrográfico.</subfield>
</datafield>
<datafield ind1=" " ind2="0" tag="830">
<subfield code="a">Harvard Map Collection digital maps.</subfield>
<subfield code="p">Cuba.</subfield>
<subfield code="p">Havana.</subfield>
<subfield code="5">net</subfield>
</datafield>
<datafield ind1=" " ind2=" " tag="OWN">
<subfield code="a">MAP</subfield>
</datafield>
<datafield ind1=" " ind2=" " tag="XPR">
<subfield code="a">OCLC</subfield>
<subfield code="b">20110628</subfield>
</datafield>
<datafield ind1=" " ind2=" " tag="H08">
<subfield code="a">c</subfield>
<subfield code="b">20110628</subfield>
</datafield>
<datafield ind1="0" ind2=" " tag="852">
<subfield code="b">MAP</subfield>
<subfield code="c">MAPLC</subfield>
<subfield code="h">G4924.H3 1798</subfield>
<subfield code="i">.R5</subfield>
</datafield>
<datafield ind1=" " ind2=" " tag="H10">
<subfield code="a">O20110628^--^CA440</subfield>
<subfield code="b">20110628^0001^060001^F1100001^p0001-00-00-00^CA440</subfield>
<subfield code="e">I</subfield>
</datafield>
<datafield ind1=" " ind2=" " tag="OWN">
<subfield code="a">NET</subfield>
</datafield>
<datafield ind1="0" ind2=" " tag="506">
<subfield code="a">No restrictions on access copy.</subfield>
<subfield code="f">Unrestricted online access</subfield>
<subfield code="2">star</subfield>
<subfield code="5">MH</subfield>
</datafield>
<datafield ind1=" " ind2=" " tag="843">
<subfield code="a">Electronic reproduction.</subfield>
<subfield code="b">Cambridge, Mass. :</subfield>
<subfield code="c">Harvard Map Collection,</subfield>
<subfield code="d">2011.</subfield>
<subfield code="f">(Harvard Map Collection digital maps. Cuba. Havana).</subfield>
<subfield code="7">s2011^^^^maun^s</subfield>
</datafield>
<datafield ind1=" " ind2=" " tag="852">
<subfield code="b">NET</subfield>
<subfield code="c">GEN</subfield>
</datafield>
<datafield ind1="4" ind2="1" tag="856">
<subfield code="z">Harvard Map Collection copy image</subfield>
<subfield code="u">http://nrs.harvard.edu/urn-3:FHCL:5024928?buttons=y</subfield>
</datafield>
<datafield ind1=" " ind2=" " tag="H08">
<subfield code="a">c</subfield>
<subfield code="b">20110804</subfield>
</datafield>
<datafield ind1=" " ind2=" " tag="H09">
<subfield code="k">netmap</subfield>
</datafield>
<datafield ind1=" " ind2=" " tag="H10">
<subfield code="a">O20110804^^CAS95</subfield>
<subfield code="c">20110804^000000^08^000000^n000000-00000-0000-000^F12^0000000^n0000000-000000-00000-0000^CAS95</subfield>
</datafield>
</record>