
<?xml version="1.0" encoding="UTF-8"?>
<record xmlns="http://www.loc.gov/MARC21/slim" xmlns:xsi="http://www.w3.org/2001/XMLSchema-instance" xsi:schemaLocation="http://www.loc.gov/MARC21/slim   http://www.loc.gov/standards/marcxml/schema/MARC21slim.xsd">
<leader>     nem  2200193Ia 4500</leader>
<controlfield tag="001">011148456-1</controlfield>
<controlfield tag="005">20120329100106.0</controlfield>
<controlfield tag="008">070928s1849^^^^nyu^^^^^^^a^^^^^0^^^spa^d</controlfield>
<datafield ind1="1" ind2=" " tag="034">
<subfield code="a">a</subfield>
<subfield code="b">9900</subfield>
<subfield code="d">W0822329</subfield>
<subfield code="e">W0821944</subfield>
<subfield code="f">N0230942</subfield>
<subfield code="g">N0230703</subfield>
</datafield>
<datafield ind1="0" ind2=" " tag="035">
<subfield code="a">ocn173483919</subfield>
</datafield>
<datafield ind1=" " ind2=" " tag="040">
<subfield code="a">HLS</subfield>
<subfield code="c">HLS</subfield>
</datafield>
<datafield ind1=" " ind2=" " tag="052">
<subfield code="a">4924</subfield>
<subfield code="b">H3</subfield>
</datafield>
<datafield ind1=" " ind2=" " tag="090">
<subfield code="a">G4924.H3 1849</subfield>
<subfield code="b">.T6</subfield>
</datafield>
<datafield ind1="1" ind2=" " tag="100">
<subfield code="a">Torre, José María de la,</subfield>
<subfield code="d">1815?-1873.</subfield>
</datafield>
<datafield ind1="1" ind2="0" tag="245">
<subfield code="a">Plano pintoresco de la Habana :</subfield>
<subfield code="b">con los numeros de las casas /</subfield>
<subfield code="c">W. S. Barnard engraver.</subfield>
</datafield>
<datafield ind1=" " ind2=" " tag="255">
<subfield code="a">Scale [ca 1: 9,900]</subfield>
<subfield code="c">(W 82⁰23ʹ29ʺ--W 82⁰19ʹ44ʺ/N 23⁰09ʹ42ʺ--N 23⁰07ʹ03ʺ).</subfield>
</datafield>
<datafield ind1=" " ind2=" " tag="260">
<subfield code="a">New York :</subfield>
<subfield code="b">W. S. Barnard?,</subfield>
<subfield code="c">1849.</subfield>
</datafield>
<datafield ind1=" " ind2=" " tag="300">
<subfield code="a">1 map ;</subfield>
<subfield code="c">26 x 35 cm.</subfield>
</datafield>
<datafield ind1=" " ind2=" " tag="500">
<subfield code="a">Attributed to José María de la Torre.</subfield>
</datafield>
<datafield ind1=" " ind2=" " tag="500">
<subfield code="a">Dedication: "Dedicado por el autor a la memoria de su tio el Sor. Coronel D. Antonio Ma. De al Torre y Cardneas".</subfield>
</datafield>
<datafield ind1=" " ind2=" " tag="500">
<subfield code="a">Inset: Puerto y Cercanias de la Habana.</subfield>
</datafield>
<datafield ind1=" " ind2=" " tag="500">
<subfield code="a">Includes views at borders: Gran teatro de Tacon -- Real Cárcel y Presido -- Catedral -- Hospital Militar (Antigua Factoria) -- Despósito de Villanueva ó Paradero del Ferro-Carril -- Castillo del Morro -- Vista General de la Habana (tomada desde Casa-blanca) -- Deposito del Gas -- Templete egrido en memoria de la I.ra mission que se dijo en Ciudad -- Quinta del E.S. Conde de la Fernandina -- Rt. Casa de Beneficencia -- Palacio de Gobierno -- Fuenta de la Habana en el Paseo de Isabel.</subfield>
</datafield>
<datafield ind1=" " ind2=" " tag="500">
<subfield code="a">Includes text: Numeros de las casas.</subfield>
</datafield>
<datafield ind1="1" ind2="0" tag="600">
<subfield code="a">Torre y Cardenas, Antonio Ma. de la.,</subfield>
<subfield code="e">dedicatee.</subfield>
</datafield>
<datafield ind1="1" ind2=" " tag="700">
<subfield code="a">Barnard, William S.,</subfield>
<subfield code="d">approximately 1809-</subfield>
</datafield>
<datafield ind1=" " ind2="0" tag="830">
<subfield code="a">Harvard Map Collection digital maps.</subfield>
<subfield code="p">Imaging the Urban Environment.</subfield>
<subfield code="5">net</subfield>
</datafield>
<datafield ind1=" " ind2="0" tag="830">
<subfield code="a">Harvard Map Collection digital maps.</subfield>
<subfield code="p">Cuba.</subfield>
<subfield code="p">Havana.</subfield>
<subfield code="5">net</subfield>
</datafield>
<datafield ind1=" " ind2=" " tag="OWN">
<subfield code="a">NET</subfield>
</datafield>
<datafield ind1="0" ind2=" " tag="506">
<subfield code="a">No restrictions on access.</subfield>
</datafield>
<datafield ind1=" " ind2=" " tag="843">
<subfield code="a">Electronic reproduction.</subfield>
<subfield code="b">Cambridge, Mass. :</subfield>
<subfield code="c">Harvard Geospatial Library,</subfield>
<subfield code="d">2009.</subfield>
<subfield code="n">Georeferenced image for use in a GIS.</subfield>
<subfield code="7">s2009^^^^maun^s</subfield>
</datafield>
<datafield ind1=" " ind2=" " tag="852">
<subfield code="b">NET</subfield>
<subfield code="c">GEN</subfield>
</datafield>
<datafield ind1="4" ind2="1" tag="856">
<subfield code="z">Harvard Geospatial Library georeferenced image</subfield>
<subfield code="u">http://nrs.harvard.edu/urn-3:HUL.gisdata:011148456</subfield>
</datafield>
<datafield ind1=" " ind2=" " tag="H08">
<subfield code="a">c</subfield>
<subfield code="b">20020630</subfield>
</datafield>
<datafield ind1=" " ind2=" " tag="H10">
<subfield code="a">O20090626^--^CS623</subfield>
<subfield code="b">20090626^0000^060000^F0900000^n0000-00-00-00^CS623</subfield>
</datafield>
<datafield ind1=" " ind2=" " tag="OWN">
<subfield code="a">MAP</subfield>
</datafield>
<datafield ind1="0" ind2=" " tag="079">
<subfield code="a">ocn173483919</subfield>
</datafield>
<datafield ind1="2" ind2=" " tag="079">
<subfield code="a">ocn646176842</subfield>
</datafield>
<datafield ind1="0" ind2=" " tag="852">
<subfield code="b">MAP</subfield>
<subfield code="c">MAPLC</subfield>
<subfield code="h">G4924.H3 1849</subfield>
<subfield code="i">.T6</subfield>
</datafield>
<datafield ind1=" " ind2=" " tag="H08">
<subfield code="a">c</subfield>
<subfield code="b">20070928</subfield>
</datafield>
<datafield ind1=" " ind2=" " tag="561">
<subfield code="a">Gift of Charles F. Thayer. Mar. 26, 1888.</subfield>
<subfield code="5">HLS</subfield>
</datafield>
</record>