
<?xml version="1.0" encoding="UTF-8"?>
<record xmlns="http://www.loc.gov/MARC21/slim" xmlns:xsi="http://www.w3.org/2001/XMLSchema-instance" xsi:schemaLocation="http://www.loc.gov/MARC21/slim   http://www.loc.gov/standards/marcxml/schema/MARC21slim.xsd">
<leader>     nem  2200193Ia 4500</leader>
<controlfield tag="001">011148439-1</controlfield>
<controlfield tag="005">20120406104653.0</controlfield>
<controlfield tag="008">070928s1889^^^^dcude^^^^^a^^f^^0^^^eng^d</controlfield>
<datafield ind1="1" ind2=" " tag="034">
<subfield code="a">a</subfield>
<subfield code="b">8000</subfield>
<subfield code="d">W0822335</subfield>
<subfield code="e">W0821831</subfield>
<subfield code="f">N0230934</subfield>
<subfield code="g">N0230624</subfield>
</datafield>
<datafield ind1="0" ind2=" " tag="035">
<subfield code="a">ocn173483524</subfield>
</datafield>
<datafield ind1=" " ind2=" " tag="040">
<subfield code="a">HLS</subfield>
<subfield code="c">HLS</subfield>
</datafield>
<datafield ind1=" " ind2=" " tag="052">
<subfield code="a">4925</subfield>
<subfield code="b">H3</subfield>
</datafield>
<datafield ind1=" " ind2=" " tag="090">
<subfield code="a">G4924.H3 1889</subfield>
<subfield code="b">.U5</subfield>
</datafield>
<datafield ind1="1" ind2=" " tag="110">
<subfield code="a">United States.</subfield>
<subfield code="b">Hydrographic Office.</subfield>
</datafield>
<datafield ind1="1" ind2="0" tag="245">
<subfield code="a">Harbor of Havana :</subfield>
<subfield code="b">from the most recent Spanish surveys to 1879 /</subfield>
<subfield code="c">J.C.P. de Krafft Commo. U.S.N. Hydrographer to the Bureau of Navigation.</subfield>
</datafield>
<datafield ind1="1" ind2=" " tag="246">
<subfield code="i">At head of title:</subfield>
<subfield code="a">West Indies. Cuba</subfield>
</datafield>
<datafield ind1=" " ind2=" " tag="250">
<subfield code="a">Ed. of April 1889</subfield>
</datafield>
<datafield ind1=" " ind2=" " tag="255">
<subfield code="a">Scale [ca. 1:8,000]</subfield>
<subfield code="c">(W 82⁰23ʹ35ʺ--W 82⁰18ʹ31ʺ/N 23⁰09ʹ34ʺ--N 23⁰06ʹ24ʺ).</subfield>
</datafield>
<datafield ind1=" " ind2=" " tag="260">
<subfield code="a">Washington, D. C. :</subfield>
<subfield code="b">Hydrographic Office,</subfield>
<subfield code="c">Jany. 1882</subfield>
</datafield>
<datafield ind1=" " ind2=" " tag="300">
<subfield code="a">1 map ;</subfield>
<subfield code="c">62 x 99 cm.</subfield>
</datafield>
<datafield ind1=" " ind2=" " tag="500">
<subfield code="a">Relief shown by hachures. Depth shown by soundings.</subfield>
</datafield>
<datafield ind1=" " ind2=" " tag="500">
<subfield code="a">Below lower right margin: "No. 307".</subfield>
</datafield>
<datafield ind1=" " ind2="0" tag="651">
<subfield code="a">Havana (Cuba)</subfield>
<subfield code="v">Maps.</subfield>
</datafield>
<datafield ind1=" " ind2="0" tag="650">
<subfield code="a">Harbors</subfield>
<subfield code="z">Cuba</subfield>
<subfield code="z">Havana</subfield>
<subfield code="v">Maps.</subfield>
</datafield>
<datafield ind1=" " ind2="0" tag="650">
<subfield code="a">Nautical charts</subfield>
<subfield code="z">Cuba</subfield>
<subfield code="z">Havana.</subfield>
</datafield>
<datafield ind1="1" ind2=" " tag="700">
<subfield code="a">Krafft, J. C. P. de.</subfield>
</datafield>
<datafield ind1=" " ind2="0" tag="830">
<subfield code="a">Harvard Map Collection digital maps.</subfield>
<subfield code="p">Imaging the Urban Environment.</subfield>
<subfield code="5">net</subfield>
</datafield>
<datafield ind1=" " ind2="0" tag="830">
<subfield code="a">Harvard Map Collection digital maps.</subfield>
<subfield code="p">Cuba.</subfield>
<subfield code="p">Havana.</subfield>
<subfield code="5">net</subfield>
</datafield>
<datafield ind1=" " ind2=" " tag="OWN">
<subfield code="a">MAP</subfield>
</datafield>
<datafield ind1="0" ind2=" " tag="079">
<subfield code="a">ocn173483524</subfield>
</datafield>
<datafield ind1="2" ind2=" " tag="079">
<subfield code="a">ocn646176837</subfield>
</datafield>
<datafield ind1="0" ind2=" " tag="852">
<subfield code="b">MAP</subfield>
<subfield code="c">MAPLC</subfield>
<subfield code="h">G4924.H3 1889</subfield>
<subfield code="i">.U5</subfield>
</datafield>
<datafield ind1=" " ind2=" " tag="H08">
<subfield code="a">c</subfield>
<subfield code="b">20070928</subfield>
</datafield>
<datafield ind1=" " ind2=" " tag="561">
<subfield code="a">Gift from the Inst. of Geog. Exploration. 1933</subfield>
<subfield code="5">HLS</subfield>
</datafield>
<datafield ind1=" " ind2=" " tag="OWN">
<subfield code="a">NET</subfield>
</datafield>
<datafield ind1="0" ind2=" " tag="506">
<subfield code="a">No restrictions on access.</subfield>
</datafield>
<datafield ind1=" " ind2=" " tag="843">
<subfield code="a">Electronic reproduction.</subfield>
<subfield code="b">Cambridge, Mass. :</subfield>
<subfield code="c">Harvard Geospatial Library,</subfield>
<subfield code="d">2009.</subfield>
<subfield code="n">Georeferenced image for use in a GIS.</subfield>
<subfield code="7">s2009^^^^maun^s</subfield>
</datafield>
<datafield ind1=" " ind2=" " tag="852">
<subfield code="b">NET</subfield>
<subfield code="c">GEN</subfield>
</datafield>
<datafield ind1="4" ind2="1" tag="856">
<subfield code="z">Harvard Geospatial Library georeferenced image</subfield>
<subfield code="u">http://nrs.harvard.edu/urn-3:HUL.gisdata:011148439</subfield>
</datafield>
<datafield ind1=" " ind2=" " tag="H08">
<subfield code="a">c</subfield>
<subfield code="b">20020630</subfield>
</datafield>
<datafield ind1=" " ind2=" " tag="H10">
<subfield code="a">O20090626^--^CS623</subfield>
<subfield code="b">20090626^0000^060000^F0900000^n0000-00-00-00^CS623</subfield>
</datafield>
<datafield ind1=" " ind2=" " tag="OWN">
<subfield code="a">NET</subfield>
</datafield>
<datafield ind1=" " ind2=" " tag="843">
<subfield code="a">Electronic reproduction.</subfield>
<subfield code="b">Cambridge, Mass. :</subfield>
<subfield code="c">Harvard College Library Digital Imaging Group,</subfield>
<subfield code="d">2008.</subfield>
<subfield code="f">Harvard Map Collection digital maps. Imaging the Urban Environment.</subfield>
</datafield>
<datafield ind1=" " ind2=" " tag="852">
<subfield code="b">NET</subfield>
<subfield code="c">GEN</subfield>
</datafield>
<datafield ind1="4" ind2="1" tag="856">
<subfield code="z">Harvard Map Collection copy image</subfield>
<subfield code="u">http://nrs.harvard.edu/urn-3:FHCL:1689572?buttons=y</subfield>
</datafield>
<datafield ind1=" " ind2=" " tag="H08">
<subfield code="a">c</subfield>
<subfield code="b">20080620</subfield>
</datafield>
<datafield ind1=" " ind2=" " tag="H09">
<subfield code="k">netmap</subfield>
<subfield code="m">css</subfield>
</datafield>
</record>