
<?xml version="1.0" encoding="UTF-8"?>
<record xmlns="http://www.loc.gov/MARC21/slim" xmlns:xsi="http://www.w3.org/2001/XMLSchema-instance" xsi:schemaLocation="http://www.loc.gov/MARC21/slim   http://www.loc.gov/standards/marcxml/schema/MARC21slim.xsd">
<leader>     cem  2200193Ia 4500</leader>
<controlfield tag="001">012569499-7</controlfield>
<controlfield tag="005">20100915102244.0</controlfield>
<controlfield tag="008">040308s1898^^^^nyu^^^^^^^a^^^^^0^^^eng^d</controlfield>
<datafield ind1="0" ind2=" " tag="034">
<subfield code="a">a</subfield>
</datafield>
<datafield ind1="0" ind2=" " tag="035">
<subfield code="a">ocm54618107</subfield>
</datafield>
<datafield ind1=" " ind2=" " tag="040">
<subfield code="a">GZN</subfield>
<subfield code="c">GZN</subfield>
<subfield code="d">OCLCQ</subfield>
</datafield>
<datafield ind1=" " ind2=" " tag="043">
<subfield code="a">nwcu---</subfield>
</datafield>
<datafield ind1=" " ind2=" " tag="052">
<subfield code="a">4924</subfield>
<subfield code="b">H3</subfield>
</datafield>
<datafield ind1=" " ind2=" " tag="090">
<subfield code="a">G4924.H3557 1898</subfield>
<subfield code="b">.G2</subfield>
</datafield>
<datafield ind1="2" ind2=" " tag="110">
<subfield code="a">G.H. Buek &amp; Co.</subfield>
</datafield>
<datafield ind1="1" ind2="0" tag="245">
<subfield code="a">Map of Havana and Havana Harbor :</subfield>
<subfield code="b">showing the fortifications and public buildings /</subfield>
<subfield code="c">issued by the Brooklyn Daily Eagle ; copyright and lith. by G.H. Buek &amp; Co.</subfield>
</datafield>
<datafield ind1=" " ind2=" " tag="250">
<subfield code="a">Corrected to May 3, 1898.</subfield>
</datafield>
<datafield ind1=" " ind2=" " tag="255">
<subfield code="a">Scale not given.</subfield>
</datafield>
<datafield ind1=" " ind2=" " tag="260">
<subfield code="a">[New York] :</subfield>
<subfield code="b">Brooklyn Daily Eagle ;</subfield>
<subfield code="a">New York :</subfield>
<subfield code="b">G.H. Buek &amp; Co.,</subfield>
<subfield code="c">c1898.</subfield>
</datafield>
<datafield ind1=" " ind2=" " tag="300">
<subfield code="a">1 map :</subfield>
<subfield code="b">col. ;</subfield>
<subfield code="c">25 x 37 in.</subfield>
</datafield>
<datafield ind1=" " ind2=" " tag="500">
<subfield code="a">"Supplement to the Brooklyn Eagle, Sunday, May 22, 1898."</subfield>
</datafield>
<datafield ind1=" " ind2="0" tag="651">
<subfield code="a">Havana (Cuba)</subfield>
<subfield code="v">Maps.</subfield>
</datafield>
<datafield ind1=" " ind2="0" tag="650">
<subfield code="a">Spanish-American War, 1898</subfield>
<subfield code="z">Cuba</subfield>
<subfield code="z">Havana</subfield>
<subfield code="v">Maps.</subfield>
</datafield>
<datafield ind1="1" ind2=" " tag="710">
<subfield code="a">Brooklyn Daily Eagle.</subfield>
</datafield>
<datafield ind1=" " ind2=" " tag="049">
<subfield code="a">HLSS</subfield>
</datafield>
<datafield ind1=" " ind2=" " tag="OWN">
<subfield code="a">MAP</subfield>
</datafield>
<datafield ind1=" " ind2=" " tag="XPR">
<subfield code="a">OCLC</subfield>
<subfield code="b">20100915</subfield>
</datafield>
<datafield ind1="0" ind2=" " tag="852">
<subfield code="b">MAP</subfield>
<subfield code="c">MAPLC</subfield>
<subfield code="h">G4924.H3557 1898</subfield>
<subfield code="i">.G2</subfield>
</datafield>
<datafield ind1=" " ind2=" " tag="H08">
<subfield code="a">c</subfield>
<subfield code="b">20100915</subfield>
</datafield>
<datafield ind1=" " ind2=" " tag="H10">
<subfield code="a">C20100915^--^CA225</subfield>
<subfield code="b">20100915^0001^090001^F1100001^b0001-00-00-00^CA225</subfield>
<subfield code="e">I</subfield>
</datafield>
</record>