
<?xml version="1.0" encoding="UTF-8"?>
<record xmlns="http://www.loc.gov/MARC21/slim" xmlns:xsi="http://www.w3.org/2001/XMLSchema-instance" xsi:schemaLocation="http://www.loc.gov/MARC21/slim   http://www.loc.gov/standards/marcxml/schema/MARC21slim.xsd">
<leader>     nem  2200193Ia 4500</leader>
<controlfield tag="001">011148462-6</controlfield>
<controlfield tag="005">20120403124627.0</controlfield>
<controlfield tag="008">070928e17621101enkde^^^^^a^^^^^1^^^eng^d</controlfield>
<datafield ind1="1" ind2=" " tag="034">
<subfield code="a">a</subfield>
<subfield code="b">24000</subfield>
<subfield code="d">W0822705</subfield>
<subfield code="e">W0821253</subfield>
<subfield code="f">N0231153</subfield>
<subfield code="g">N0230405</subfield>
</datafield>
<datafield ind1="0" ind2=" " tag="035">
<subfield code="a">ocn173484142</subfield>
</datafield>
<datafield ind1=" " ind2=" " tag="040">
<subfield code="a">HLS</subfield>
<subfield code="c">HLS</subfield>
</datafield>
<datafield ind1=" " ind2=" " tag="052">
<subfield code="a">4924</subfield>
<subfield code="b">H3</subfield>
</datafield>
<datafield ind1=" " ind2=" " tag="090">
<subfield code="a">G4924.H3S4 1762</subfield>
<subfield code="b">.K5</subfield>
</datafield>
<datafield ind1="1" ind2=" " tag="100">
<subfield code="a">Kitchin, Thomas,</subfield>
<subfield code="d">1718-1784.</subfield>
</datafield>
<datafield ind1="1" ind2="2" tag="245">
<subfield code="a">A plan of the Havana and its environs :</subfield>
<subfield code="b">with several posts and attacks made by the British forces under the command of the Earl of Albemarle and Sr. Geo. Pocock which was taken 13 Aug. 1762 /</subfield>
<subfield code="c">Ths. Kitchin sculpt. engraver to H.R.H. the Duke of York.</subfield>
</datafield>
<datafield ind1=" " ind2=" " tag="255">
<subfield code="a">Scale [ca. 1:24,000]</subfield>
<subfield code="c">(W 82⁰27ʹ05ʺ--W 82⁰12ʹ53ʺ/N 23⁰11ʹ53ʺ--N 23⁰04ʹ05ʺ).</subfield>
</datafield>
<datafield ind1=" " ind2=" " tag="260">
<subfield code="a">London :</subfield>
<subfield code="b">J. Boydell engraver in Cheapside &amp; R. Willcock bookseller in Cornhill,</subfield>
<subfield code="c">Novr. 1st 1762.</subfield>
</datafield>
<datafield ind1=" " ind2=" " tag="300">
<subfield code="a">1 map ;</subfield>
<subfield code="c">44 x 61 cm.</subfield>
</datafield>
<datafield ind1=" " ind2=" " tag="500">
<subfield code="a">Shows roads, vegetation, foritifcations and ships in the Gulf of Mexico.</subfield>
</datafield>
<datafield ind1=" " ind2=" " tag="500">
<subfield code="a">Relief shown by hachures. Depths shown by soundings.</subfield>
</datafield>
<datafield ind1=" " ind2=" " tag="500">
<subfield code="a">Includes indexes: References to the Moro -- Attack on the Moro -- References to the Town and Harbour -- Attack on the Town and Defences of that Side.</subfield>
</datafield>
<datafield ind1=" " ind2=" " tag="530">
<subfield code="a">Available also as a digital image through the Harvard University Web site.</subfield>
</datafield>
<datafield ind1=" " ind2="0" tag="651">
<subfield code="a">Havana (Cuba)</subfield>
<subfield code="x">History</subfield>
<subfield code="y">Siege, 1762</subfield>
<subfield code="v">Maps</subfield>
<subfield code="v">Early works to 1800.</subfield>
</datafield>
<datafield ind1="1" ind2=" " tag="700">
<subfield code="a">Boydell, John,</subfield>
<subfield code="d">1720-1804.</subfield>
</datafield>
<datafield ind1="1" ind2=" " tag="700">
<subfield code="a">Willock, Robert.</subfield>
</datafield>
<datafield ind1="1" ind2=" " tag="700">
<subfield code="a">Zambeccari, Francesco,</subfield>
<subfield code="d">1752-1812.</subfield>
</datafield>
<datafield ind1="1" ind2=" " tag="700">
<subfield code="a">Ebeling, Christophe Daniel,</subfield>
<subfield code="d">1741-1817.</subfield>
</datafield>
<datafield ind1=" " ind2="0" tag="830">
<subfield code="a">Harvard Map Collection digital maps.</subfield>
<subfield code="p">Imaging the Urban Environment.</subfield>
<subfield code="5">net</subfield>
</datafield>
<datafield ind1=" " ind2="0" tag="830">
<subfield code="a">Harvard Map Collection digital maps.</subfield>
<subfield code="p">Cuba.</subfield>
<subfield code="p">Havana.</subfield>
<subfield code="5">net</subfield>
</datafield>
<datafield ind1=" " ind2=" " tag="OWN">
<subfield code="a">MAP</subfield>
</datafield>
<datafield ind1="0" ind2=" " tag="079">
<subfield code="a">ocn173484142</subfield>
</datafield>
<datafield ind1="2" ind2=" " tag="079">
<subfield code="a">ocn646176844</subfield>
</datafield>
<datafield ind1="0" ind2=" " tag="852">
<subfield code="b">MAP</subfield>
<subfield code="c">MAPLC</subfield>
<subfield code="h">G4924.H3S4 1762</subfield>
<subfield code="i">.K5</subfield>
</datafield>
<datafield ind1=" " ind2=" " tag="H08">
<subfield code="a">c</subfield>
<subfield code="b">20070928</subfield>
</datafield>
<datafield ind1=" " ind2=" " tag="561">
<subfield code="a">Christophe Daniel Ebeling Collection, no. 4954. Gift of Israel Thorndike, 1818.</subfield>
<subfield code="5">HLS</subfield>
</datafield>
<datafield ind1=" " ind2=" " tag="562">
<subfield code="a">In pen-and-ink ms. at lower margin: "The annotations were communicated to by Count Zambeccari, officer in the Spanish Marine at the Havana, 1782 (E) [i.e., C. D. Ebeling]".</subfield>
<subfield code="5">HLS</subfield>
</datafield>
<datafield ind1=" " ind2=" " tag="OWN">
<subfield code="a">NET</subfield>
</datafield>
<datafield ind1=" " ind2=" " tag="843">
<subfield code="a">Electronic reproduction.</subfield>
<subfield code="b">Cambridge, Mass. :</subfield>
<subfield code="c">Harvard College Library Digital Imaging Group,</subfield>
<subfield code="d">2008.</subfield>
<subfield code="f">Harvard Map Collection digital maps. Imaging the Urban Environment.</subfield>
</datafield>
<datafield ind1=" " ind2=" " tag="852">
<subfield code="b">NET</subfield>
<subfield code="c">GEN</subfield>
</datafield>
<datafield ind1="4" ind2="1" tag="856">
<subfield code="z">Harvard Map Collection copy image</subfield>
<subfield code="u">http://nrs.harvard.edu/urn-3:FHCL:1473915?buttons=y</subfield>
</datafield>
<datafield ind1=" " ind2=" " tag="H08">
<subfield code="a">c</subfield>
<subfield code="b">20080502</subfield>
</datafield>
<datafield ind1=" " ind2=" " tag="H09">
<subfield code="k">netmap</subfield>
<subfield code="m">css</subfield>
</datafield>
<datafield ind1=" " ind2=" " tag="OWN">
<subfield code="a">NET</subfield>
</datafield>
<datafield ind1="0" ind2=" " tag="506">
<subfield code="a">No restrictions on access.</subfield>
</datafield>
<datafield ind1=" " ind2=" " tag="843">
<subfield code="a">Electronic reproduction.</subfield>
<subfield code="b">Cambridge, Mass. :</subfield>
<subfield code="c">Harvard Geospatial Library,</subfield>
<subfield code="d">2009.</subfield>
<subfield code="n">Georeferenced image for use in a GIS.</subfield>
<subfield code="7">s2009^^^^maun^s</subfield>
</datafield>
<datafield ind1=" " ind2=" " tag="852">
<subfield code="b">NET</subfield>
<subfield code="c">GEN</subfield>
</datafield>
<datafield ind1="4" ind2="1" tag="856">
<subfield code="z">Harvard Geospatial Library georeferenced image</subfield>
<subfield code="u">http://nrs.harvard.edu/urn-3:HUL.gisdata:011148462</subfield>
</datafield>
<datafield ind1=" " ind2=" " tag="H08">
<subfield code="a">c</subfield>
<subfield code="b">20020630</subfield>
</datafield>
<datafield ind1=" " ind2=" " tag="H10">
<subfield code="a">O20090626^--^CS623</subfield>
<subfield code="b">20090626^0000^060000^F0900000^n0000-00-00-00^CS623</subfield>
</datafield>
</record>