
<?xml version="1.0" encoding="UTF-8"?>
<record xmlns="http://www.loc.gov/MARC21/slim" xmlns:xsi="http://www.w3.org/2001/XMLSchema-instance" xsi:schemaLocation="http://www.loc.gov/MARC21/slim   http://www.loc.gov/standards/marcxml/schema/MARC21slim.xsd">
<leader>00544nem  2200193Ia 4500</leader>
<controlfield tag="001">008447626-5</controlfield>
<controlfield tag="005">20111020154422.0</controlfield>
<controlfield tag="008">100311s1861^^^^nyubd^^^^^a^^^^^0^^^eng^d</controlfield>
<datafield ind1="1" ind2=" " tag="034">
<subfield code="a">a</subfield>
<subfield code="b">1150000</subfield>
<subfield code="d">W0750000</subfield>
<subfield code="e">W0680000</subfield>
<subfield code="f">N0200000</subfield>
<subfield code="g">N0170000</subfield>
</datafield>
<datafield ind1=" " ind2=" " tag="052">
<subfield code="a">4930</subfield>
</datafield>
<datafield ind1=" " ind2=" " tag="090">
<subfield code="a">G4930 1861</subfield>
<subfield code="b">.G4</subfield>
</datafield>
<datafield ind1="0" ind2="4" tag="245">
<subfield code="a">The Geffrard map of the island of Hayti</subfield>
<subfield code="h">[cartographic material] :</subfield>
<subfield code="b">drawn for James Redpath's guide to Hayti.</subfield>
</datafield>
<datafield ind1=" " ind2=" " tag="255">
<subfield code="a">Scale [ca. 1:1,150,000]</subfield>
<subfield code="c">(W 75°--W 68°/N 20°--N 17°).</subfield>
</datafield>
<datafield ind1=" " ind2=" " tag="260">
<subfield code="a">New York :</subfield>
<subfield code="b">G. Woolworth Colton,</subfield>
<subfield code="c">1861.</subfield>
</datafield>
<datafield ind1=" " ind2=" " tag="300">
<subfield code="a">1 map :</subfield>
<subfield code="b">col. ;</subfield>
<subfield code="c">34 x 62 cm., on sheet 38 x 66 cm.</subfield>
</datafield>
<datafield ind1=" " ind2=" " tag="530">
<subfield code="a">Also available online.</subfield>
</datafield>
<datafield ind1=" " ind2=" " tag="500">
<subfield code="a">Covers entire island of Hispaniola, showing railways, cities and towns; administrative regions of Haiti in differing colors.</subfield>
</datafield>
<datafield ind1=" " ind2=" " tag="500">
<subfield code="a">Relief shown by hachures and shading.</subfield>
</datafield>
<datafield ind1=" " ind2=" " tag="500">
<subfield code="a">"Engraved &amp; printed by G. Woolworth Colton."</subfield>
</datafield>
<datafield ind1=" " ind2=" " tag="500">
<subfield code="a">"Entered ... by James Redpath in the Clerks Office of the District Court ..."</subfield>
</datafield>
<datafield ind1=" " ind2="0" tag="651">
<subfield code="a">Hispaniola</subfield>
<subfield code="v">Maps.</subfield>
</datafield>
<datafield ind1=" " ind2="0" tag="651">
<subfield code="a">Haiti</subfield>
<subfield code="v">Maps.</subfield>
</datafield>
<datafield ind1=" " ind2="7" tag="655">
<subfield code="a">Maps.</subfield>
<subfield code="2">lcgft.</subfield>
</datafield>
<datafield ind1="1" ind2=" " tag="700">
<subfield code="a">Colton, G. Woolworth</subfield>
<subfield code="q">(George Woolworth),</subfield>
<subfield code="d">1827-1901.</subfield>
</datafield>
<datafield ind1="1" ind2=" " tag="700">
<subfield code="a">Redpath, James,</subfield>
<subfield code="d">1833-1891.</subfield>
</datafield>
<datafield ind1="2" ind2=" " tag="740">
<subfield code="a">A guide to Hayti</subfield>
</datafield>
<datafield ind1=" " ind2="0" tag="830">
<subfield code="a">Harvard Map Collection digital maps.</subfield>
<subfield code="p">Hispaniola.</subfield>
<subfield code="5">net</subfield>
</datafield>
<datafield ind1=" " ind2="0" tag="830">
<subfield code="a">Harvard Map Collection digital maps.</subfield>
<subfield code="p">Haiti.</subfield>
<subfield code="5">net</subfield>
</datafield>
<datafield ind1="0" ind2=" " tag="H01">
<subfield code="a">BPA1712</subfield>
</datafield>
<datafield ind1=" " ind2=" " tag="H03">
<subfield code="a">MHBPA17120HU</subfield>
</datafield>
<datafield ind1=" " ind2=" " tag="H05">
<subfield code="a">G^^0000</subfield>
</datafield>
<datafield ind1=" " ind2=" " tag="OWN">
<subfield code="a">MAP</subfield>
</datafield>
<datafield ind1=" " ind2=" " tag="XPR">
<subfield code="a">OCLC</subfield>
<subfield code="b">20110823</subfield>
</datafield>
<datafield ind1=" " ind2=" " tag="H08">
<subfield code="a">c</subfield>
<subfield code="b">20110823</subfield>
</datafield>
<datafield ind1="0" ind2=" " tag="H01">
<subfield code="a">BPA1712</subfield>
<subfield code="b">001</subfield>
<subfield code="x">01</subfield>
</datafield>
<datafield ind1=" " ind2=" " tag="H03">
<subfield code="a">MHBPA17120HU</subfield>
</datafield>
<datafield ind1="0" ind2=" " tag="852">
<subfield code="b">MAP</subfield>
<subfield code="c">MAPLC</subfield>
<subfield code="h">G4930 1861</subfield>
<subfield code="i">.G4</subfield>
</datafield>
<datafield ind1=" " ind2=" " tag="H10">
<subfield code="a">O20110823^--^CA440</subfield>
<subfield code="c">20110823^000001^08^000001^p000001-00000-0000-000^F12^0000001^p0000001-000000-00000-0000^CA440</subfield>
<subfield code="e">5</subfield>
</datafield>
<datafield ind1=" " ind2=" " tag="OWN">
<subfield code="a">NET</subfield>
</datafield>
<datafield ind1="0" ind2=" " tag="506">
<subfield code="a">No restrictions on access copy.</subfield>
<subfield code="f">Unrestricted online access</subfield>
<subfield code="2">star</subfield>
<subfield code="5">MH</subfield>
</datafield>
<datafield ind1=" " ind2=" " tag="843">
<subfield code="a">Electronic reproduction.</subfield>
<subfield code="b">Cambridge, Mass. :</subfield>
<subfield code="c">Harvard Map Collection,</subfield>
<subfield code="d">2011.</subfield>
<subfield code="f">(Harvard Map Collection digital maps. Hispaniola).</subfield>
<subfield code="f">(Harvard Map Collection digital maps. Haiti).</subfield>
<subfield code="7">s2011^^^^maun^s</subfield>
</datafield>
<datafield ind1=" " ind2=" " tag="852">
<subfield code="b">NET</subfield>
<subfield code="c">GEN</subfield>
</datafield>
<datafield ind1="4" ind2="1" tag="856">
<subfield code="z">Harvard Map Collection copy image</subfield>
<subfield code="u">http://nrs.harvard.edu/urn-3:FHCL:5125229?buttons=y</subfield>
</datafield>
<datafield ind1=" " ind2=" " tag="H08">
<subfield code="a">c</subfield>
<subfield code="b">20111020</subfield>
</datafield>
<datafield ind1=" " ind2=" " tag="H09">
<subfield code="k">netmap</subfield>
</datafield>
<datafield ind1=" " ind2=" " tag="H10">
<subfield code="a">O20111020^^PMS78</subfield>
<subfield code="c">20111020^000000^10^000000^n000000-00000-0000-000^F12^0000000^n0000000-000000-00000-0000^PMS78</subfield>
</datafield>
</record>