
<?xml version="1.0" encoding="UTF-8"?>
<record xmlns="http://www.loc.gov/MARC21/slim" xmlns:xsi="http://www.w3.org/2001/XMLSchema-instance" xsi:schemaLocation="http://www.loc.gov/MARC21/slim   http://www.loc.gov/standards/marcxml/schema/MARC21slim.xsd">
<leader>     nem  2200193Ia 4500</leader>
<controlfield tag="001">012839531-1</controlfield>
<controlfield tag="005">20110824184609.0</controlfield>
<controlfield tag="008">970325s1781^^^^fr^bde^^^^a^^^^^0^^^fre^d</controlfield>
<datafield ind1="1" ind2=" " tag="034">
<subfield code="a">a</subfield>
<subfield code="b">20000</subfield>
</datafield>
<datafield ind1=" " ind2=" " tag="052">
<subfield code="a">4944</subfield>
<subfield code="b">C3</subfield>
</datafield>
<datafield ind1=" " ind2=" " tag="052">
<subfield code="a">4930</subfield>
</datafield>
<datafield ind1=" " ind2=" " tag="090">
<subfield code="a">G4944.C3 1781</subfield>
<subfield code="b">.F6</subfield>
</datafield>
<datafield ind1="1" ind2=" " tag="100">
<subfield code="a">Foligné.</subfield>
</datafield>
<datafield ind1="1" ind2="0" tag="245">
<subfield code="a">Plan de la baye et rade du Cap Français ; Observations sur les vents qui règnent sur les Côtes du Nord de l'Isle St. Domingue /</subfield>
<subfield code="c">dessiné par M. de Foligne lieutnant de fregate du Roi. 1780.</subfield>
</datafield>
<datafield ind1="1" ind2="1" tag="246">
<subfield code="a">Observations sur les vents qui règnent sur les Côtes du Nord de l'Isle St. Domingue</subfield>
</datafield>
<datafield ind1=" " ind2=" " tag="255">
<subfield code="a">Scale [ca. 1:20,000].</subfield>
</datafield>
<datafield ind1=" " ind2=" " tag="260">
<subfield code="a">A Paris :</subfield>
<subfield code="b">chez le Rouge rue des grands Augustins,</subfield>
<subfield code="c">1781.</subfield>
</datafield>
<datafield ind1=" " ind2=" " tag="300">
<subfield code="a">1 map ;</subfield>
<subfield code="c">38 x 40 cm.</subfield>
</datafield>
<datafield ind1=" " ind2=" " tag="500">
<subfield code="a">Relief shown by hachures and shading. Depths shown by soundings.</subfield>
</datafield>
<datafield ind1=" " ind2=" " tag="500">
<subfield code="a">Includes inset: "Isle de S. Domingue".</subfield>
</datafield>
<datafield ind1=" " ind2=" " tag="500">
<subfield code="a">"Dedié a Monseigneur le Marquis de Castries ...".</subfield>
</datafield>
<datafield ind1=" " ind2=" " tag="500">
<subfield code="a">Oriented with South on top.</subfield>
</datafield>
<datafield ind1=" " ind2=" " tag="530">
<subfield code="a">Also available online.</subfield>
</datafield>
<datafield ind1=" " ind2="0" tag="650">
<subfield code="a">Harbors</subfield>
<subfield code="z">Haiti</subfield>
<subfield code="z">Cap-Haïtien Region</subfield>
<subfield code="x">Maps</subfield>
<subfield code="v">Early works to 1800.</subfield>
</datafield>
<datafield ind1=" " ind2="0" tag="651">
<subfield code="a">Cap-Haïtien Region (Haiti)</subfield>
<subfield code="x">Maps</subfield>
<subfield code="v">Early works to 1800.</subfield>
</datafield>
<datafield ind1=" " ind2="0" tag="651">
<subfield code="a">Cap-Français (Haiti)</subfield>
<subfield code="x">Maps</subfield>
<subfield code="v">Early works to 1800.</subfield>
</datafield>
<datafield ind1=" " ind2="0" tag="651">
<subfield code="a">Hispaniola</subfield>
<subfield code="x">Maps</subfield>
<subfield code="x">Early works to 1800.</subfield>
</datafield>
<datafield ind1=" " ind2="0" tag="650">
<subfield code="a">Winds</subfield>
<subfield code="z">Haiti.</subfield>
</datafield>
<datafield ind1=" " ind2="7" tag="655">
<subfield code="a">Maps.</subfield>
<subfield code="2">lcgft.</subfield>
</datafield>
<datafield ind1=" " ind2="7" tag="655">
<subfield code="a">Early maps.</subfield>
<subfield code="2">lcgft.</subfield>
</datafield>
<datafield ind1="1" ind2=" " tag="700">
<subfield code="a">Le Rouge, Georges-Louis.</subfield>
</datafield>
<datafield ind1=" " ind2="0" tag="830">
<subfield code="a">Harvard Map Collection digital maps.</subfield>
<subfield code="p">Haiti.</subfield>
<subfield code="p">Cap-Français</subfield>
<subfield code="5">net</subfield>
</datafield>
<datafield ind1=" " ind2="0" tag="830">
<subfield code="a">Harvard Map Collection digital maps.</subfield>
<subfield code="p">Haiti.</subfield>
<subfield code="p">Cap-Haïtien Region</subfield>
<subfield code="5">net</subfield>
</datafield>
<datafield ind1=" " ind2="0" tag="830">
<subfield code="a">Harvard Map Collection digital maps.</subfield>
<subfield code="p">Hispaniola.</subfield>
<subfield code="5">net</subfield>
</datafield>
<datafield ind1=" " ind2=" " tag="OWN">
<subfield code="a">NET</subfield>
</datafield>
<datafield ind1="0" ind2=" " tag="506">
<subfield code="a">No restrictions on access copy.</subfield>
<subfield code="f">Unrestricted online access</subfield>
<subfield code="2">star</subfield>
<subfield code="5">MH</subfield>
</datafield>
<datafield ind1=" " ind2=" " tag="843">
<subfield code="a">Electronic reproduction.</subfield>
<subfield code="b">Cambridge, Mass. :</subfield>
<subfield code="c">Harvard Map Collection,</subfield>
<subfield code="d">2011.</subfield>
<subfield code="f">(Harvard Map Collection digital maps. Haiti. Cap-Français).</subfield>
<subfield code="f">(Harvard Map Collection digital maps. Haiti. Cap-Haïtien Region).</subfield>
<subfield code="f">(Harvard Map Collection digital maps. Hispaniola).</subfield>
<subfield code="7">s2011^^^^maun^s</subfield>
</datafield>
<datafield ind1=" " ind2=" " tag="852">
<subfield code="b">NET</subfield>
<subfield code="c">GEN</subfield>
</datafield>
<datafield ind1="4" ind2="1" tag="856">
<subfield code="z">Harvard Map Collection copy image</subfield>
<subfield code="u">http://nrs.harvard.edu/urn-3:FHCL:5110716?buttons=y</subfield>
</datafield>
<datafield ind1=" " ind2=" " tag="H08">
<subfield code="a">c</subfield>
<subfield code="b">20110824</subfield>
</datafield>
<datafield ind1=" " ind2=" " tag="H09">
<subfield code="k">netmap</subfield>
</datafield>
<datafield ind1=" " ind2=" " tag="H10">
<subfield code="a">O20110824^^CAS95</subfield>
<subfield code="c">20110824^000000^08^000000^n000000-00000-0000-000^F12^0000000^n0000000-000000-00000-0000^CAS95</subfield>
</datafield>
<datafield ind1=" " ind2=" " tag="OWN">
<subfield code="a">MAP</subfield>
</datafield>
<datafield ind1=" " ind2=" " tag="XPR">
<subfield code="a">OCLC</subfield>
<subfield code="b">20110728</subfield>
</datafield>
<datafield ind1=" " ind2=" " tag="561">
<subfield code="a">Christophe Daniel Ebeling Collection, no. 4979. Gift of Israel Thorndike, 1818.</subfield>
<subfield code="5">map</subfield>
</datafield>
<datafield ind1=" " ind2=" " tag="H08">
<subfield code="a">c</subfield>
<subfield code="b">20110728</subfield>
</datafield>
<datafield ind1="0" ind2=" " tag="852">
<subfield code="b">MAP</subfield>
<subfield code="c">MAPLC</subfield>
<subfield code="h">G4944.C3 1781</subfield>
<subfield code="i">.F6</subfield>
</datafield>
<datafield ind1=" " ind2=" " tag="H10">
<subfield code="a">O20110728^--^CA440</subfield>
<subfield code="c">20110728^000001^07^000001^p000001-00000-0000-000^F12^0000001^p0000001-000000-00000-0000^CA440</subfield>
<subfield code="e">I</subfield>
</datafield>
</record>