
<?xml version="1.0" encoding="UTF-8"?>
<record xmlns="http://www.loc.gov/MARC21/slim" xmlns:xsi="http://www.w3.org/2001/XMLSchema-instance" xsi:schemaLocation="http://www.loc.gov/MARC21/slim   http://www.loc.gov/standards/marcxml/schema/MARC21slim.xsd">
<leader>     cem  2200193Ia 4500</leader>
<controlfield tag="001">012839759-4</controlfield>
<controlfield tag="005">20110824180547.0</controlfield>
<controlfield tag="008">740501s1785^^^^sp^de^^^^^a^^^^^1^^^spa^^</controlfield>
<datafield ind1=" " ind2=" " tag="010">
<subfield code="a">^^^74691152^</subfield>
</datafield>
<datafield ind1="0" ind2=" " tag="035">
<subfield code="a">ocm05415504</subfield>
</datafield>
<datafield ind1=" " ind2=" " tag="040">
<subfield code="a">DLC</subfield>
<subfield code="c">DLC</subfield>
<subfield code="d">OCL</subfield>
<subfield code="d">OCLCQ</subfield>
<subfield code="d">OCLCG</subfield>
</datafield>
<datafield ind1=" " ind2=" " tag="043">
<subfield code="a">nwdr---</subfield>
</datafield>
<datafield ind1="0" ind2="0" tag="050">
<subfield code="a">G4954.S8 1785</subfield>
<subfield code="b">.L6</subfield>
</datafield>
<datafield ind1=" " ind2=" " tag="052">
<subfield code="a">4954</subfield>
<subfield code="b">S8</subfield>
</datafield>
<datafield ind1="1" ind2=" " tag="100">
<subfield code="a">López de Vargas Machuca, Tomás,</subfield>
<subfield code="d">1731-1802.</subfield>
</datafield>
<datafield ind1="1" ind2="0" tag="245">
<subfield code="a">Plano de la plaza y ciudad de Santo Domingo, capital de la isla Española;</subfield>
<subfield code="c">por Dn. Tomás López, geógrafo de los dominios de S.M.</subfield>
</datafield>
<datafield ind1=" " ind2=" " tag="260">
<subfield code="a">Madrid :</subfield>
<subfield code="b">Se hallará este con todas las Obras de su Hijo en Madrid, en la Calle de Atocha, Casa nueva de Santo Tomas, frente de la Aduana vieja, M. 159 no. 3 [Tomás López],</subfield>
<subfield code="c">1785.</subfield>
</datafield>
<datafield ind1=" " ind2=" " tag="300">
<subfield code="a">1 map : hand col. ;</subfield>
<subfield code="c">29 x 39 cm.</subfield>
</datafield>
<datafield ind1=" " ind2=" " tag="507">
<subfield code="a">Scale ca. 1:6,000.</subfield>
</datafield>
<datafield ind1=" " ind2=" " tag="500">
<subfield code="a">Hand colored.</subfield>
</datafield>
<datafield ind1=" " ind2=" " tag="500">
<subfield code="a">Relief shown by hachures. Depths shown by soundings.</subfield>
</datafield>
<datafield ind1=" " ind2=" " tag="500">
<subfield code="a">Oriented with north toward the upper left.</subfield>
</datafield>
<datafield ind1=" " ind2=" " tag="500">
<subfield code="a">Includes index to points of interest and history note.</subfield>
</datafield>
<datafield ind1=" " ind2=" " tag="530">
<subfield code="a">Also available online.</subfield>
</datafield>
<datafield ind1=" " ind2="0" tag="651">
<subfield code="a">Santo Domingo (Dominican Republic)</subfield>
<subfield code="x">Buildings, structures, etc.</subfield>
<subfield code="x">Maps</subfield>
<subfield code="v">Early works to 1800.</subfield>
</datafield>
<datafield ind1=" " ind2="0" tag="650">
<subfield code="a">Fortification</subfield>
<subfield code="z">Dominican Republic</subfield>
<subfield code="z">Santo Domingo</subfield>
<subfield code="x">Maps</subfield>
<subfield code="v">Early works to 1800.</subfield>
</datafield>
<datafield ind1=" " ind2="0" tag="651">
<subfield code="a">Santo Domingo (Dominican Republic)</subfield>
<subfield code="x">Maps</subfield>
<subfield code="v">Early works to 1800.</subfield>
</datafield>
<datafield ind1=" " ind2="7" tag="655">
<subfield code="a">Maps.</subfield>
<subfield code="2">lcgft.</subfield>
</datafield>
<datafield ind1=" " ind2="7" tag="655">
<subfield code="a">Early maps.</subfield>
<subfield code="2">lcgft.</subfield>
</datafield>
<datafield ind1=" " ind2="0" tag="830">
<subfield code="a">Harvard Map Collection digital maps.</subfield>
<subfield code="p">Dominican Republic.</subfield>
<subfield code="p">Santo Domingo.</subfield>
<subfield code="5">net</subfield>
</datafield>
<datafield ind1=" " ind2=" " tag="OWN">
<subfield code="a">MAP</subfield>
</datafield>
<datafield ind1=" " ind2=" " tag="XPR">
<subfield code="a">OCLC</subfield>
<subfield code="b">20110728</subfield>
</datafield>
<datafield ind1=" " ind2=" " tag="H08">
<subfield code="a">c</subfield>
<subfield code="b">20110728</subfield>
</datafield>
<datafield ind1=" " ind2=" " tag="561">
<subfield code="a">Christophe Daniel Ebeling Collection, no. 4977. Gift of Israel Thorndike, 1818.</subfield>
<subfield code="5">map</subfield>
</datafield>
<datafield ind1="0" ind2=" " tag="852">
<subfield code="b">MAP</subfield>
<subfield code="c">MAPLC</subfield>
<subfield code="h">G4954.S8 1785</subfield>
<subfield code="i">.L6</subfield>
</datafield>
<datafield ind1=" " ind2=" " tag="H10">
<subfield code="a">C20110728^--^CA440</subfield>
<subfield code="c">20110728^000001^07^000001^p000001-00000-0000-000^F12^0000001^p0000001-000000-00000-0000^CA440</subfield>
<subfield code="e">^</subfield>
</datafield>
<datafield ind1=" " ind2=" " tag="OWN">
<subfield code="a">NET</subfield>
</datafield>
<datafield ind1="0" ind2=" " tag="506">
<subfield code="a">No restrictions on access copy.</subfield>
<subfield code="f">Unrestricted online access</subfield>
<subfield code="2">star</subfield>
<subfield code="5">MH</subfield>
</datafield>
<datafield ind1=" " ind2=" " tag="843">
<subfield code="a">Electronic reproduction.</subfield>
<subfield code="b">Cambridge, Mass. :</subfield>
<subfield code="c">Harvard Map Collection,</subfield>
<subfield code="d">2011.</subfield>
<subfield code="f">(Harvard Map Collection digital maps. Dominican Republic. Santo Domingo).</subfield>
<subfield code="7">s2011^^^^maun^s</subfield>
</datafield>
<datafield ind1=" " ind2=" " tag="852">
<subfield code="b">NET</subfield>
<subfield code="c">GEN</subfield>
</datafield>
<datafield ind1="4" ind2="1" tag="856">
<subfield code="z">Harvard Map Collection copy image</subfield>
<subfield code="u">http://nrs.harvard.edu/urn-3:FHCL:5110655?buttons=y</subfield>
</datafield>
<datafield ind1=" " ind2=" " tag="H08">
<subfield code="a">c</subfield>
<subfield code="b">20110824</subfield>
</datafield>
<datafield ind1=" " ind2=" " tag="H09">
<subfield code="k">netmap</subfield>
</datafield>
<datafield ind1=" " ind2=" " tag="H10">
<subfield code="a">O20110824^^CAS95</subfield>
<subfield code="c">20110824^000000^08^000000^n000000-00000-0000-000^F12^0000000^n0000000-000000-00000-0000^CAS95</subfield>
</datafield>
</record>