
<?xml version="1.0" encoding="UTF-8"?>
<record xmlns="http://www.loc.gov/MARC21/slim" xmlns:xsi="http://www.w3.org/2001/XMLSchema-instance" xsi:schemaLocation="http://www.loc.gov/MARC21/slim   http://www.loc.gov/standards/marcxml/schema/MARC21slim.xsd">
<leader>     cem  2200193Ia 4500</leader>
<controlfield tag="001">012849119-1</controlfield>
<controlfield tag="005">20130327123936.0</controlfield>
<controlfield tag="008">731024s1763^^^^enki^^^^^^a^^^^^0^^^eng^^</controlfield>
<datafield ind1=" " ind2=" " tag="010">
<subfield code="a">^^^73691873^</subfield>
</datafield>
<datafield ind1="1" ind2=" " tag="034">
<subfield code="a">a</subfield>
<subfield code="b">200000</subfield>
</datafield>
<datafield ind1="0" ind2=" " tag="035">
<subfield code="a">ocm05404254</subfield>
</datafield>
<datafield ind1=" " ind2=" " tag="040">
<subfield code="a">DLC</subfield>
<subfield code="c">DLC</subfield>
<subfield code="d">OCL</subfield>
<subfield code="d">OCLCQ</subfield>
<subfield code="d">OCLCG</subfield>
</datafield>
<datafield ind1=" " ind2=" " tag="043">
<subfield code="a">nwjm---</subfield>
</datafield>
<datafield ind1="0" ind2="0" tag="050">
<subfield code="a">G4960 1763</subfield>
<subfield code="b">.C7</subfield>
</datafield>
<datafield ind1=" " ind2=" " tag="052">
<subfield code="a">4960</subfield>
</datafield>
<datafield ind1="1" ind2=" " tag="100">
<subfield code="a">Craskell, Thomas.</subfield>
</datafield>
<datafield ind1="1" ind2="0" tag="245">
<subfield code="a">This map of the island of Jamaica;</subfield>
<subfield code="c">laid down from the papers and under the direction of Henry Moore, Esqr.; His Majesty's Lieutenant Governor and Commander in Chief of that island, in the years 1756, 57, 58, 59, 60 &amp; 61; &amp; from a great number of actual surveys performed by the publishers is humbly inscribed by his lordship's most obedient &amp; most humble servants, Thos. Craskell, engineer, Jas. Simpson, surveyor.</subfield>
</datafield>
<datafield ind1=" " ind2=" " tag="260">
<subfield code="a">Londini,</subfield>
<subfield code="b">D. Fournier,</subfield>
<subfield code="c">1763.</subfield>
</datafield>
<datafield ind1=" " ind2=" " tag="300">
<subfield code="a">1 map on 4 sheets :</subfield>
<subfield code="b">hand col.</subfield>
<subfield code="c">97 x 125 cm.</subfield>
</datafield>
<datafield ind1=" " ind2=" " tag="507">
<subfield code="a">Scale ca. 1:200,000.</subfield>
</datafield>
<datafield ind1=" " ind2=" " tag="500">
<subfield code="a">Relief shown pictorially.</subfield>
</datafield>
<datafield ind1=" " ind2=" " tag="500">
<subfield code="a">"D. Fournier inv. &amp; del."</subfield>
</datafield>
<datafield ind1=" " ind2=" " tag="500">
<subfield code="a">Inscribed "To the Right Honorable George, Earl of Hallifax, one of His Majesty's principal secretary's of state, &amp;c. &amp;c."</subfield>
</datafield>
<datafield ind1=" " ind2=" " tag="530">
<subfield code="a">Also available online.</subfield>
</datafield>
<datafield ind1=" " ind2="0" tag="651">
<subfield code="a">Jamaica</subfield>
<subfield code="v">Maps</subfield>
<subfield code="v">Early works to 1800.</subfield>
</datafield>
<datafield ind1=" " ind2="7" tag="655">
<subfield code="a">Maps.</subfield>
<subfield code="2">lcgft.</subfield>
</datafield>
<datafield ind1=" " ind2="7" tag="655">
<subfield code="a">Early maps.</subfield>
<subfield code="2">lcgft.</subfield>
</datafield>
<datafield ind1="1" ind2=" " tag="700">
<subfield code="a">Moore, Henry,</subfield>
<subfield code="c">Sir,</subfield>
<subfield code="d">1713-1769.</subfield>
</datafield>
<datafield ind1="1" ind2=" " tag="700">
<subfield code="a">Simpson, James</subfield>
<subfield code="c">(Surveyor)</subfield>
</datafield>
<datafield ind1="1" ind2=" " tag="700">
<subfield code="a">Fournier, Daniel,</subfield>
<subfield code="d">1710?-1766?</subfield>
</datafield>
<datafield ind1=" " ind2="0" tag="830">
<subfield code="a">Harvard Map Collection digital maps.</subfield>
<subfield code="p">Jamaica.</subfield>
<subfield code="5">net</subfield>
</datafield>
<datafield ind1=" " ind2=" " tag="OWN">
<subfield code="a">MAP</subfield>
</datafield>
<datafield ind1=" " ind2=" " tag="XPR">
<subfield code="a">OCLC</subfield>
<subfield code="b">20110809</subfield>
</datafield>
<datafield ind1="0" ind2=" " tag="079">
<subfield code="a">ocm05404254</subfield>
</datafield>
<datafield ind1="2" ind2=" " tag="079">
<subfield code="a">ocn904902664</subfield>
</datafield>
<datafield ind1=" " ind2=" " tag="H08">
<subfield code="a">c</subfield>
<subfield code="b">20110809</subfield>
</datafield>
<datafield ind1="0" ind2=" " tag="852">
<subfield code="b">MAP</subfield>
<subfield code="c">MAPLC</subfield>
<subfield code="h">G4960 1763</subfield>
<subfield code="i">.C7</subfield>
</datafield>
<datafield ind1="0" ind2="0" tag="853">
<subfield code="8">1</subfield>
<subfield code="a">sheet</subfield>
</datafield>
<datafield ind1="4" ind2="0" tag="863">
<subfield code="8">1.1</subfield>
<subfield code="a">1-4</subfield>
</datafield>
<datafield ind1=" " ind2=" " tag="561">
<subfield code="a">Christophe Daniel Ebeling Collection, no. 4987. Gift of Israel Thorndike, 1818.</subfield>
<subfield code="5">map</subfield>
</datafield>
<datafield ind1=" " ind2=" " tag="H10">
<subfield code="a">C20110809^--^CA440</subfield>
<subfield code="c">20110809^000004^08^000004^p000004-00000-0000-000^F12^0000004^p0000004-000000-00000-0000^CA440</subfield>
<subfield code="e">^</subfield>
</datafield>
<datafield ind1=" " ind2=" " tag="OWN">
<subfield code="a">NET</subfield>
</datafield>
<datafield ind1="0" ind2=" " tag="506">
<subfield code="a">No restrictions on access copy.</subfield>
<subfield code="f">Unrestricted online access</subfield>
<subfield code="2">star</subfield>
<subfield code="5">MH</subfield>
</datafield>
<datafield ind1=" " ind2=" " tag="843">
<subfield code="a">Electronic reproduction.</subfield>
<subfield code="b">Cambridge, Mass. :</subfield>
<subfield code="c">Harvard College Library Digital Imaging Group,</subfield>
<subfield code="d">2012.</subfield>
<subfield code="f">(Harvard Map Collection digital maps. Jamaica.).</subfield>
<subfield code="n">Stitched digital image compiled from 4 source images using image editing software.</subfield>
<subfield code="7">s2012^^^^maun^s</subfield>
</datafield>
<datafield ind1=" " ind2=" " tag="852">
<subfield code="b">NET</subfield>
<subfield code="c">GEN</subfield>
</datafield>
<datafield ind1="4" ind2="1" tag="856">
<subfield code="z">Harvard Map Collection copy image, compiled from 4 original images</subfield>
<subfield code="u">http://nrs.harvard.edu/urn-3:FHCL:9556141?buttons=y</subfield>
</datafield>
<datafield ind1=" " ind2=" " tag="H08">
<subfield code="a">c</subfield>
<subfield code="b">20121102</subfield>
</datafield>
<datafield ind1=" " ind2=" " tag="H09">
<subfield code="k">netmap</subfield>
</datafield>
<datafield ind1=" " ind2=" " tag="H10">
<subfield code="a">O20121102^--^CAS53</subfield>
<subfield code="c">20121102^000000^11^000000^n000000-00000-0000-000^F13^0000000^n0000000-000000-00000-0000^CAS53</subfield>
<subfield code="e">^</subfield>
</datafield>
<datafield ind1=" " ind2=" " tag="OWN">
<subfield code="a">NET</subfield>
</datafield>
<datafield ind1="0" ind2=" " tag="506">
<subfield code="a">No restrictions on access.</subfield>
</datafield>
<datafield ind1=" " ind2=" " tag="843">
<subfield code="a">Electronic reproduction.</subfield>
<subfield code="b">Cambridge, Mass. :</subfield>
<subfield code="c">Harvard Geospatial Library,</subfield>
<subfield code="d">2014.</subfield>
<subfield code="n">Georeferenced image for use in a GIS.</subfield>
<subfield code="7">s2014^^^^maun^s</subfield>
</datafield>
<datafield ind1=" " ind2=" " tag="852">
<subfield code="b">NET</subfield>
<subfield code="c">GEN</subfield>
</datafield>
<datafield ind1="4" ind2="1" tag="856">
<subfield code="z">Harvard Geospatial Library georeferenced image</subfield>
<subfield code="u">http://nrs.harvard.edu/urn-3:HUL.gisdata:012849119</subfield>
</datafield>
<datafield ind1=" " ind2=" " tag="H08">
<subfield code="a">c</subfield>
<subfield code="b">20020630</subfield>
</datafield>
<datafield ind1=" " ind2=" " tag="H09">
<subfield code="k">netmap</subfield>
</datafield>
<datafield ind1="1" ind2="1" tag="H20">
<subfield code="a">o</subfield>
<subfield code="b">n</subfield>
<subfield code="d">20150330</subfield>
<subfield code="e">CA</subfield>
<subfield code="f">S782</subfield>
<subfield code="g">^</subfield>
</datafield>
</record>