
<?xml version="1.0" encoding="UTF-8"?>
<record xmlns="http://www.loc.gov/MARC21/slim" xmlns:xsi="http://www.w3.org/2001/XMLSchema-instance" xsi:schemaLocation="http://www.loc.gov/MARC21/slim   http://www.loc.gov/standards/marcxml/schema/MARC21slim.xsd">
<leader>     nem  2200193Ia 4500</leader>
<controlfield tag="001">012855900-4</controlfield>
<controlfield tag="005">20111020162550.0</controlfield>
<controlfield tag="008">860227s1884^^^^jm^d^^^^^^a^^^^^0^^^eng^d</controlfield>
<datafield ind1="1" ind2=" " tag="034">
<subfield code="a">a</subfield>
<subfield code="b">395740</subfield>
</datafield>
<datafield ind1=" " ind2=" " tag="052">
<subfield code="a">4960</subfield>
</datafield>
<datafield ind1=" " ind2=" " tag="090">
<subfield code="a">G4960 1884</subfield>
<subfield code="b">.H3</subfield>
</datafield>
<datafield ind1="1" ind2=" " tag="100">
<subfield code="a">Harrison, Thomas.</subfield>
</datafield>
<datafield ind1="1" ind2="0" tag="245">
<subfield code="a">Map of the island of Jamaica /</subfield>
<subfield code="c">compiled for George Henderson &amp; Co. by Thomas Harrison.</subfield>
</datafield>
<datafield ind1=" " ind2=" " tag="255">
<subfield code="a">Scale [ca. 1:395,740]; 30 statute miles = 12.2 cm.</subfield>
</datafield>
<datafield ind1=" " ind2=" " tag="260">
<subfield code="a">[Kingston? :</subfield>
<subfield code="b">George Henderson &amp; Co.?],</subfield>
<subfield code="c">1884.</subfield>
</datafield>
<datafield ind1=" " ind2=" " tag="300">
<subfield code="a">1 map :</subfield>
<subfield code="b">col., mounted on linen ;</subfield>
<subfield code="c">39 x 65 cm.</subfield>
</datafield>
<datafield ind1=" " ind2=" " tag="530">
<subfield code="a">Also available online.</subfield>
</datafield>
<datafield ind1=" " ind2=" " tag="500">
<subfield code="a">Relief shown by hachures.</subfield>
</datafield>
<datafield ind1=" " ind2=" " tag="500">
<subfield code="a">Prime meridian London.</subfield>
</datafield>
<datafield ind1=" " ind2=" " tag="500">
<subfield code="a">Includes tables of population statistics, and of "heights of some of the principal elevations and chief places".</subfield>
</datafield>
<datafield ind1=" " ind2="0" tag="650">
<subfield code="a">Population</subfield>
<subfield code="z">Jamaica</subfield>
<subfield code="v">Statistics.</subfield>
</datafield>
<datafield ind1=" " ind2="0" tag="651">
<subfield code="a">Jamaica</subfield>
<subfield code="v">Maps.</subfield>
</datafield>
<datafield ind1=" " ind2="0" tag="651">
<subfield code="a">Jamaica</subfield>
<subfield code="x">Administrative and political divisions</subfield>
<subfield code="v">Maps.</subfield>
</datafield>
<datafield ind1=" " ind2="7" tag="655">
<subfield code="a">Maps.</subfield>
<subfield code="2">lcgft.</subfield>
</datafield>
<datafield ind1="2" ind2=" " tag="710">
<subfield code="a">George Henderson &amp; Co.</subfield>
</datafield>
<datafield ind1=" " ind2="0" tag="830">
<subfield code="a">Harvard Map Collection digital maps.</subfield>
<subfield code="p">Jamaica.</subfield>
<subfield code="5">net</subfield>
</datafield>
<datafield ind1=" " ind2=" " tag="OWN">
<subfield code="a">NET</subfield>
</datafield>
<datafield ind1="0" ind2=" " tag="506">
<subfield code="a">No restrictions on access copy.</subfield>
<subfield code="f">Unrestricted online access</subfield>
<subfield code="2">star</subfield>
<subfield code="5">MH</subfield>
</datafield>
<datafield ind1=" " ind2=" " tag="843">
<subfield code="a">Electronic reproduction.</subfield>
<subfield code="b">Cambridge, Mass. :</subfield>
<subfield code="c">Harvard Map Collection,</subfield>
<subfield code="d">2011.</subfield>
<subfield code="f">(Harvard Map Collection digital maps. Jamaica).</subfield>
<subfield code="7">s2011^^^^maun^s</subfield>
</datafield>
<datafield ind1=" " ind2=" " tag="852">
<subfield code="b">NET</subfield>
<subfield code="c">GEN</subfield>
</datafield>
<datafield ind1="4" ind2="1" tag="856">
<subfield code="z">Harvard Map Collection copy image</subfield>
<subfield code="u">http://nrs.harvard.edu/urn-3:FHCL:5125236?buttons=y</subfield>
</datafield>
<datafield ind1=" " ind2=" " tag="H08">
<subfield code="a">c</subfield>
<subfield code="b">20111020</subfield>
</datafield>
<datafield ind1=" " ind2=" " tag="H09">
<subfield code="k">netmap</subfield>
</datafield>
<datafield ind1=" " ind2=" " tag="H10">
<subfield code="a">O20111020^^PMS78</subfield>
<subfield code="c">20111020^000000^10^000000^n000000-00000-0000-000^F12^0000000^n0000000-000000-00000-0000^PMS78</subfield>
</datafield>
<datafield ind1=" " ind2=" " tag="OWN">
<subfield code="a">MAP</subfield>
</datafield>
<datafield ind1=" " ind2=" " tag="XPR">
<subfield code="a">OCLC</subfield>
<subfield code="b">20110816</subfield>
</datafield>
<datafield ind1=" " ind2=" " tag="H08">
<subfield code="a">c</subfield>
<subfield code="b">20110816</subfield>
</datafield>
<datafield ind1="0" ind2=" " tag="852">
<subfield code="b">MAP</subfield>
<subfield code="c">MAPLC</subfield>
<subfield code="h">G4960 1884</subfield>
<subfield code="i">.H3</subfield>
</datafield>
<datafield ind1=" " ind2=" " tag="H10">
<subfield code="a">O20110816^--^CA440</subfield>
<subfield code="c">20110816^000001^08^000001^p000001-00000-0000-000^F12^0000001^p0000001-000000-00000-0000^CA440</subfield>
<subfield code="e">I</subfield>
</datafield>
</record>