
<?xml version="1.0" encoding="UTF-8"?>
<record xmlns="http://www.loc.gov/MARC21/slim" xmlns:xsi="http://www.w3.org/2001/XMLSchema-instance" xsi:schemaLocation="http://www.loc.gov/MARC21/slim   http://www.loc.gov/standards/marcxml/schema/MARC21slim.xsd">
<leader>     nem  2200193Ia 4500</leader>
<controlfield tag="001">012863348-4</controlfield>
<controlfield tag="005">20111020160232.0</controlfield>
<controlfield tag="008">060307s1898^^^^nyud^^^^^^a^^f^^0^^^eng^d</controlfield>
<datafield ind1="1" ind2=" " tag="034">
<subfield code="a">a</subfield>
<subfield code="b">250000a</subfield>
<subfield code="d">W0673000</subfield>
<subfield code="e">W0643000</subfield>
<subfield code="f">N0183000</subfield>
<subfield code="g">N0174500</subfield>
</datafield>
<datafield ind1="0" ind2=" " tag="035">
<subfield code="a">ocm64567573</subfield>
</datafield>
<datafield ind1=" " ind2=" " tag="040">
<subfield code="a">GZN</subfield>
<subfield code="c">GZN</subfield>
</datafield>
<datafield ind1=" " ind2=" " tag="052">
<subfield code="a">c4970</subfield>
</datafield>
<datafield ind1=" " ind2=" " tag="090">
<subfield code="a">G4970 1898</subfield>
<subfield code="b">.J8</subfield>
</datafield>
<datafield ind1="2" ind2=" " tag="110">
<subfield code="a">Julius Bien &amp; Co.</subfield>
</datafield>
<datafield ind1="1" ind2="0" tag="245">
<subfield code="a">Military map, island of Puerto Rico, 1898 /</subfield>
<subfield code="c">drawn by W. Morey Jr. C.E. ; Adjutant General's Office, Military Information Division.</subfield>
</datafield>
<datafield ind1="3" ind2="0" tag="246">
<subfield code="a">Island of Puerto Rico, 1898</subfield>
</datafield>
<datafield ind1=" " ind2=" " tag="255">
<subfield code="a">Scale [ca. 1:250,000]</subfield>
<subfield code="c">(W 67⁰30ʹ--W 64⁰30ʹ/N 18⁰30ʹ--N 17⁰45ʹ).</subfield>
</datafield>
<datafield ind1=" " ind2=" " tag="260">
<subfield code="a">N[ew] Y[ork] :</subfield>
<subfield code="b">Julius Bien &amp; Co.,</subfield>
<subfield code="c">[1898]</subfield>
</datafield>
<datafield ind1=" " ind2=" " tag="300">
<subfield code="a">1 map :</subfield>
<subfield code="b">col., mounted on linen ;</subfield>
<subfield code="c">52 x 72 cm.</subfield>
</datafield>
<datafield ind1=" " ind2=" " tag="530">
<subfield code="a">Also available online.</subfield>
</datafield>
<datafield ind1=" " ind2=" " tag="500">
<subfield code="a">Relief shown by hachures.</subfield>
</datafield>
<datafield ind1=" " ind2=" " tag="500">
<subfield code="a">Includes 1 inset: Isla Culebra, Isla de Vieques.</subfield>
</datafield>
<datafield ind1=" " ind2=" " tag="500">
<subfield code="a">Shows railroads, roads and horse trails.</subfield>
</datafield>
<datafield ind1=" " ind2="0" tag="651">
<subfield code="a">Puerto Rico</subfield>
<subfield code="v">Maps.</subfield>
</datafield>
<datafield ind1=" " ind2="0" tag="650">
<subfield code="a">Roads</subfield>
<subfield code="z">Puerto Rico</subfield>
<subfield code="v">Maps.</subfield>
</datafield>
<datafield ind1=" " ind2="7" tag="655">
<subfield code="a">Maps.</subfield>
<subfield code="2">lcgft.</subfield>
</datafield>
<datafield ind1="1" ind2=" " tag="700">
<subfield code="a">Morey, W.</subfield>
</datafield>
<datafield ind1="1" ind2=" " tag="710">
<subfield code="a">United States.</subfield>
<subfield code="b">Adjutant-General's Office.</subfield>
<subfield code="b">Military Information Division.</subfield>
</datafield>
<datafield ind1=" " ind2="0" tag="830">
<subfield code="a">Harvard Map Collection digital maps.</subfield>
<subfield code="p">Puerto Rico.</subfield>
<subfield code="5">net</subfield>
</datafield>
<datafield ind1=" " ind2=" " tag="OWN">
<subfield code="a">MAP</subfield>
</datafield>
<datafield ind1=" " ind2=" " tag="XPR">
<subfield code="a">OCLC</subfield>
<subfield code="b">20110818</subfield>
</datafield>
<datafield ind1=" " ind2=" " tag="H08">
<subfield code="a">c</subfield>
<subfield code="b">20110818</subfield>
</datafield>
<datafield ind1="0" ind2=" " tag="852">
<subfield code="b">MAP</subfield>
<subfield code="c">MAPLC</subfield>
<subfield code="h">G4970 1898</subfield>
<subfield code="i">.J8</subfield>
<subfield code="t">A-B</subfield>
</datafield>
<datafield ind1=" " ind2=" " tag="H10">
<subfield code="a">M20110818^--^CA440</subfield>
<subfield code="c">20110818^000002^08^000002^p000002-00000-0000-000^F12^0000002^p0000002-000000-00000-0000^CA440</subfield>
<subfield code="e">I</subfield>
</datafield>
<datafield ind1=" " ind2=" " tag="OWN">
<subfield code="a">NET</subfield>
</datafield>
<datafield ind1="0" ind2=" " tag="506">
<subfield code="a">No restrictions on access copy.</subfield>
<subfield code="f">Unrestricted online access</subfield>
<subfield code="2">star</subfield>
<subfield code="5">MH</subfield>
</datafield>
<datafield ind1=" " ind2=" " tag="843">
<subfield code="a">Electronic reproduction.</subfield>
<subfield code="b">Cambridge, Mass. :</subfield>
<subfield code="c">Harvard Map Collection,</subfield>
<subfield code="d">2011.</subfield>
<subfield code="f">(Harvard Map Collection digital maps. Puerto Rico).</subfield>
<subfield code="7">s2011^^^^maun^s</subfield>
</datafield>
<datafield ind1=" " ind2=" " tag="852">
<subfield code="b">NET</subfield>
<subfield code="c">GEN</subfield>
</datafield>
<datafield ind1="4" ind2="1" tag="856">
<subfield code="3">Copy 1</subfield>
<subfield code="z">Harvard Map Collection copy image</subfield>
<subfield code="u">http://nrs.harvard.edu/urn-3:FHCL:5125239?buttons=y</subfield>
</datafield>
<datafield ind1=" " ind2=" " tag="H08">
<subfield code="a">c</subfield>
<subfield code="b">20111020</subfield>
</datafield>
<datafield ind1=" " ind2=" " tag="H09">
<subfield code="k">netmap</subfield>
</datafield>
<datafield ind1=" " ind2=" " tag="H10">
<subfield code="a">O20111020^^PMS78</subfield>
<subfield code="c">20111020^000000^10^000000^n000000-00000-0000-000^F12^0000000^n0000000-000000-00000-0000^PMS78</subfield>
</datafield>
</record>