
<?xml version="1.0" encoding="UTF-8"?>
<record xmlns="http://www.loc.gov/MARC21/slim" xmlns:xsi="http://www.w3.org/2001/XMLSchema-instance" xsi:schemaLocation="http://www.loc.gov/MARC21/slim   http://www.loc.gov/standards/marcxml/schema/MARC21slim.xsd">
<leader>     nem  2200193Ia 4500</leader>
<controlfield tag="001">012796489-4</controlfield>
<controlfield tag="005">20110804182507.0</controlfield>
<controlfield tag="008">110607s1792^^^^enki^^^^^|a||^^|0|^^eng^d</controlfield>
<datafield ind1="1" ind2=" " tag="034">
<subfield code="a">a</subfield>
<subfield code="b">1500000</subfield>
</datafield>
<datafield ind1="0" ind2=" " tag="035">
<subfield code="a">ocn729835323</subfield>
</datafield>
<datafield ind1=" " ind2=" " tag="052">
<subfield code="a">5000</subfield>
</datafield>
<datafield ind1=" " ind2=" " tag="090">
<subfield code="a">G5000 1792</subfield>
<subfield code="b">.J4</subfield>
</datafield>
<datafield ind1="1" ind2=" " tag="100">
<subfield code="a">Jefferys, Thomas,</subfield>
<subfield code="d">-1771.</subfield>
</datafield>
<datafield ind1="1" ind2="4" tag="245">
<subfield code="a">The Caribbee or Leeward Islands, the Virgin islands, and the isle of Porto Rico /</subfield>
<subfield code="c">by Thomas Jefferys, geographer to His Majesty.</subfield>
</datafield>
<datafield ind1=" " ind2=" " tag="255">
<subfield code="a">Scale [ca. 1:1,5800,000].</subfield>
</datafield>
<datafield ind1=" " ind2=" " tag="260">
<subfield code="a">London :</subfield>
<subfield code="b">Printed for Robt. Sayer, map &amp; printseller, no. 53 Fleet Street,</subfield>
<subfield code="c">Novr. 1st, 1792.</subfield>
</datafield>
<datafield ind1=" " ind2=" " tag="300">
<subfield code="a">1 map :</subfield>
<subfield code="b">hand col. ;</subfield>
<subfield code="c">47 x 61 cm.</subfield>
</datafield>
<datafield ind1=" " ind2=" " tag="500">
<subfield code="a">Relief shown pictorially.</subfield>
</datafield>
<datafield ind1=" " ind2=" " tag="500">
<subfield code="a">Prime meridian London.</subfield>
</datafield>
<datafield ind1=" " ind2=" " tag="530">
<subfield code="a">Also available online.</subfield>
</datafield>
<datafield ind1=" " ind2="0" tag="651">
<subfield code="a">Antilles, Lesser</subfield>
<subfield code="v">Maps</subfield>
<subfield code="v">Early works to 1800.</subfield>
</datafield>
<datafield ind1=" " ind2="0" tag="650">
<subfield code="a">Nautical charts</subfield>
<subfield code="z">Antilles, Lesser</subfield>
<subfield code="v">Early works to 1800.</subfield>
</datafield>
<datafield ind1=" " ind2="0" tag="655">
<subfield code="a">Early maps.</subfield>
</datafield>
<datafield ind1=" " ind2="0" tag="655">
<subfield code="a">Nautical charts.</subfield>
</datafield>
<datafield ind1="1" ind2=" " tag="700">
<subfield code="a">Sayer, Robert,</subfield>
<subfield code="d">1725-1794.</subfield>
</datafield>
<datafield ind1=" " ind2="0" tag="830">
<subfield code="a">Harvard Map Collection digital maps.</subfield>
<subfield code="p">Antilles, Lesser.</subfield>
<subfield code="5">net</subfield>
</datafield>
<datafield ind1=" " ind2=" " tag="OWN">
<subfield code="a">NET</subfield>
</datafield>
<datafield ind1="0" ind2=" " tag="506">
<subfield code="a">No restrictions on access copy.</subfield>
<subfield code="f">Unrestricted online access</subfield>
<subfield code="2">star</subfield>
<subfield code="5">MH</subfield>
</datafield>
<datafield ind1=" " ind2=" " tag="843">
<subfield code="a">Electronic reproduction.</subfield>
<subfield code="b">Cambridge, Mass. :</subfield>
<subfield code="c">Harvard Map Collection,</subfield>
<subfield code="d">2011.</subfield>
<subfield code="f">(Harvard Map Collection digital maps. Antilles, Lesser).</subfield>
<subfield code="7">s2011^^^^maun^s</subfield>
</datafield>
<datafield ind1=" " ind2=" " tag="852">
<subfield code="b">NET</subfield>
<subfield code="c">GEN</subfield>
</datafield>
<datafield ind1="4" ind2="1" tag="856">
<subfield code="z">Harvard Map Collection copy image</subfield>
<subfield code="u">http://nrs.harvard.edu/urn-3:FHCL:5025240?buttons=y</subfield>
</datafield>
<datafield ind1=" " ind2=" " tag="H08">
<subfield code="a">c</subfield>
<subfield code="b">20110804</subfield>
</datafield>
<datafield ind1=" " ind2=" " tag="H09">
<subfield code="k">netmap</subfield>
</datafield>
<datafield ind1=" " ind2=" " tag="H10">
<subfield code="a">O20110804^^CAS95</subfield>
<subfield code="c">20110804^000000^08^000000^n000000-00000-0000-000^F12^0000000^n0000000-000000-00000-0000^CAS95</subfield>
</datafield>
<datafield ind1=" " ind2=" " tag="OWN">
<subfield code="a">MAP</subfield>
</datafield>
<datafield ind1=" " ind2=" " tag="XPR">
<subfield code="a">OCLC</subfield>
<subfield code="b">20110607</subfield>
</datafield>
<datafield ind1="0" ind2=" " tag="079">
<subfield code="a">ocn729835323</subfield>
</datafield>
<datafield ind1="2" ind2=" " tag="079">
<subfield code="a">ocn904902472</subfield>
</datafield>
<datafield ind1=" " ind2=" " tag="H08">
<subfield code="a">c</subfield>
<subfield code="b">20110607</subfield>
</datafield>
<datafield ind1="0" ind2=" " tag="852">
<subfield code="b">MAP</subfield>
<subfield code="c">MAPLC</subfield>
<subfield code="h">G5000 1792</subfield>
<subfield code="i">.J4</subfield>
</datafield>
<datafield ind1=" " ind2=" " tag="H10">
<subfield code="a">O20110607^--^CA440</subfield>
<subfield code="b">20110607^0001^060001^F1100001^p0001-00-00-00^CA440</subfield>
<subfield code="e">4</subfield>
</datafield>
</record>