
<?xml version="1.0" encoding="UTF-8"?>
<record xmlns="http://www.loc.gov/MARC21/slim" xmlns:xsi="http://www.w3.org/2001/XMLSchema-instance" xsi:schemaLocation="http://www.loc.gov/MARC21/slim   http://www.loc.gov/standards/marcxml/schema/MARC21slim.xsd">
<leader>     cem  2200193Ia 4500</leader>
<controlfield tag="001">009699328-6</controlfield>
<controlfield tag="005">20150429120623.0</controlfield>
<controlfield tag="008">750115s1754^^^^dk^^^^^^^^a^^^^^1^^^dan^^</controlfield>
<datafield ind1=" " ind2=" " tag="010">
<subfield code="a">^^^74696187^</subfield>
</datafield>
<datafield ind1="1" ind2=" " tag="034">
<subfield code="a">a</subfield>
<subfield code="b">60000</subfield>
<subfield code="d">W0645412</subfield>
<subfield code="e">W0643354</subfield>
<subfield code="f">N0174724</subfield>
<subfield code="g">N0174025</subfield>
</datafield>
<datafield ind1="0" ind2=" " tag="035">
<subfield code="a">ocm05412814</subfield>
</datafield>
<datafield ind1=" " ind2=" " tag="040">
<subfield code="a">DLC</subfield>
<subfield code="c">DLC</subfield>
<subfield code="d">OCLCQ</subfield>
<subfield code="d">HLS</subfield>
</datafield>
<datafield ind1="0" ind2="0" tag="050">
<subfield code="a">G5012.S2G46 1754</subfield>
<subfield code="b">.B4</subfield>
</datafield>
<datafield ind1=" " ind2=" " tag="052">
<subfield code="a">5012</subfield>
<subfield code="b">S2</subfield>
</datafield>
<datafield ind1=" " ind2=" " tag="052">
<subfield code="a">5014</subfield>
<subfield code="b">C6</subfield>
</datafield>
<datafield ind1=" " ind2="7" tag="072">
<subfield code="a">G46</subfield>
<subfield code="2">lcg</subfield>
</datafield>
<datafield ind1="1" ind2=" " tag="100">
<subfield code="a">Beck, I. M.</subfield>
</datafield>
<datafield ind1="1" ind2="0" tag="245">
<subfield code="a">Tilforladelig kort over eylandet St. Croix :</subfield>
<subfield code="b">udi America saaledes som det ved en acurat udmaaling er besunden med qvarterernes navne og enhver plantagies nummer efter hvilke de udi matriculen findes indförte og til enhver kiöber cederet beliggende paa 17 grader 38 minuter norder brede /</subfield>
<subfield code="c">Tegnet af I.M. Beck ; O.H. de Lode, Ch. R.S.D., sculpt.</subfield>
</datafield>
<datafield ind1=" " ind2=" " tag="255">
<subfield code="a">Scale [ca. 1:60,000]</subfield>
<subfield code="c">(W 64°54ʹ12ʺ--W 64°33ʹ54ʺ/N 17°47ʹ24ʺ--N 17°40ʹ25ʺ).</subfield>
</datafield>
<datafield ind1=" " ind2=" " tag="260">
<subfield code="a">Haffniae :</subfield>
<subfield code="b">O.H. de Lode,</subfield>
<subfield code="c">1754.</subfield>
</datafield>
<datafield ind1=" " ind2=" " tag="300">
<subfield code="a">1 map :</subfield>
<subfield code="b">hand col. ;</subfield>
<subfield code="c">48 x 74 cm.</subfield>
</datafield>
<datafield ind1=" " ind2=" " tag="500">
<subfield code="a">Cadastral map showing land ownership, quarter boundaries, and windmills.</subfield>
</datafield>
<datafield ind1=" " ind2=" " tag="500">
<subfield code="a">"Tilegned deres höy grevelige excellence her Adam Gotlob Moltke."</subfield>
</datafield>
<datafield ind1=" " ind2=" " tag="500">
<subfield code="a">Includes listing of windmills by quarter and insets "Tegning til byen Friderichsstæd" and "Tegning over byen Christianstæd paa eylandet St. Croix, faavit den allerede er bebygt."</subfield>
</datafield>
<datafield ind1=" " ind2=" " tag="530">
<subfield code="a">Available also as a digital image through the Harvard University Library Web site.</subfield>
</datafield>
<datafield ind1=" " ind2="0" tag="650">
<subfield code="a">Real property</subfield>
<subfield code="z">United States Virgin Islands</subfield>
<subfield code="z">Saint Croix</subfield>
<subfield code="v">Maps</subfield>
<subfield code="v">Early works to 1800.</subfield>
</datafield>
<datafield ind1=" " ind2="0" tag="651">
<subfield code="a">Saint Croix (United States Virgin Islands)</subfield>
<subfield code="v">Maps</subfield>
<subfield code="v">Early works to 1800.</subfield>
</datafield>
<datafield ind1=" " ind2="0" tag="651">
<subfield code="a">Christiansted (United States Virgin Islands)</subfield>
<subfield code="v">Maps</subfield>
<subfield code="v">Early works to 1800.</subfield>
</datafield>
<datafield ind1="1" ind2=" " tag="700">
<subfield code="a">Lode, O. H. de.</subfield>
</datafield>
<datafield ind1=" " ind2="0" tag="830">
<subfield code="a">Harvard Map Collection digital maps.</subfield>
<subfield code="p">Cartographic treasures.</subfield>
<subfield code="5">net</subfield>
</datafield>
<datafield ind1=" " ind2=" " tag="OWN">
<subfield code="a">NET</subfield>
</datafield>
<datafield ind1=" " ind2=" " tag="843">
<subfield code="a">Electronic reproduction.</subfield>
<subfield code="b">Cambridge, Mass. :</subfield>
<subfield code="c">Harvard College Library Digital Imaging Group,</subfield>
<subfield code="d">2005.</subfield>
<subfield code="f">Harvard Map Collection digital maps. Cartographic treasures.</subfield>
</datafield>
<datafield ind1=" " ind2=" " tag="852">
<subfield code="b">NET</subfield>
<subfield code="c">GEN</subfield>
</datafield>
<datafield ind1="4" ind2="1" tag="856">
<subfield code="z">Harvard Map Collection copy image</subfield>
<subfield code="u">http://nrs.harvard.edu/urn-3:FHCL:595278?buttons=y</subfield>
</datafield>
<datafield ind1=" " ind2=" " tag="H08">
<subfield code="a">c</subfield>
<subfield code="b">20050620</subfield>
</datafield>
<datafield ind1=" " ind2=" " tag="H09">
<subfield code="k">netmap</subfield>
</datafield>
<datafield ind1=" " ind2=" " tag="OWN">
<subfield code="a">NET</subfield>
</datafield>
<datafield ind1="0" ind2=" " tag="506">
<subfield code="a">No restrictions on access.</subfield>
</datafield>
<datafield ind1=" " ind2=" " tag="843">
<subfield code="a">Electronic reproduction.</subfield>
<subfield code="b">Cambridge, Mass. :</subfield>
<subfield code="c">Harvard Geospatial Library,</subfield>
<subfield code="d">2014.</subfield>
<subfield code="n">Georeferenced image for use in a GIS.</subfield>
<subfield code="7">s2014^^^^maun^s</subfield>
</datafield>
<datafield ind1=" " ind2=" " tag="852">
<subfield code="b">NET</subfield>
<subfield code="c">GEN</subfield>
</datafield>
<datafield ind1="4" ind2="1" tag="856">
<subfield code="z">Harvard Geospatial Library georeferenced image</subfield>
<subfield code="u">http://nrs.harvard.edu/urn-3:HUL.gisdata:009699328</subfield>
</datafield>
<datafield ind1=" " ind2=" " tag="H08">
<subfield code="a">c</subfield>
<subfield code="b">20020630</subfield>
</datafield>
<datafield ind1=" " ind2=" " tag="H09">
<subfield code="k">netmap</subfield>
</datafield>
<datafield ind1="1" ind2="1" tag="H20">
<subfield code="a">o</subfield>
<subfield code="b">n</subfield>
<subfield code="d">20140918</subfield>
<subfield code="e">CA</subfield>
<subfield code="f">S782</subfield>
<subfield code="g">^</subfield>
</datafield>
<datafield ind1=" " ind2=" " tag="OWN">
<subfield code="a">MAP</subfield>
</datafield>
<datafield ind1=" " ind2=" " tag="XPR">
<subfield code="a">OCLC</subfield>
<subfield code="b">20050621</subfield>
</datafield>
<datafield ind1="0" ind2=" " tag="079">
<subfield code="a">ocm05412814</subfield>
</datafield>
<datafield ind1="2" ind2=" " tag="079">
<subfield code="a">ocn646169364</subfield>
</datafield>
<datafield ind1="0" ind2=" " tag="852">
<subfield code="b">MAP</subfield>
<subfield code="c">MAPLC</subfield>
<subfield code="h">G5012.S2G46 1754</subfield>
<subfield code="i">.B4</subfield>
</datafield>
<datafield ind1=" " ind2=" " tag="H08">
<subfield code="a">c</subfield>
<subfield code="b">20050620</subfield>
</datafield>
<datafield ind1="1" ind2="1" tag="H20">
<subfield code="a">c</subfield>
<subfield code="b">p</subfield>
<subfield code="d">20150429</subfield>
<subfield code="e">CA</subfield>
<subfield code="f">440</subfield>
<subfield code="g">^</subfield>
</datafield>
<datafield ind1="1" ind2="1" tag="H21">
<subfield code="a">1</subfield>
<subfield code="b">p</subfield>
<subfield code="d">20150429</subfield>
<subfield code="e">CA</subfield>
<subfield code="f">440</subfield>
</datafield>
</record>