
<?xml version="1.0" encoding="UTF-8"?>
<record xmlns="http://www.loc.gov/MARC21/slim" xmlns:xsi="http://www.w3.org/2001/XMLSchema-instance" xsi:schemaLocation="http://www.loc.gov/MARC21/slim   http://www.loc.gov/standards/marcxml/schema/MARC21slim.xsd">
<leader>     nem  2200193Ia 4500</leader>
<controlfield tag="001">012848898-0</controlfield>
<controlfield tag="005">20110902193801.0</controlfield>
<controlfield tag="008">110809s1853^^^^enkdeg^^^|a||f^|1|^^eng^d</controlfield>
<datafield ind1="1" ind2=" " tag="034">
<subfield code="a">a</subfield>
<subfield code="b">7413</subfield>
</datafield>
<datafield ind1=" " ind2=" " tag="052">
<subfield code="a">5012</subfield>
<subfield code="b">S4</subfield>
</datafield>
<datafield ind1=" " ind2=" " tag="052">
<subfield code="a">5014</subfield>
<subfield code="b">C5</subfield>
</datafield>
<datafield ind1=" " ind2=" " tag="090">
<subfield code="a">G5012.S4 1853</subfield>
<subfield code="b">.G7</subfield>
</datafield>
<datafield ind1="1" ind2=" " tag="110">
<subfield code="a">Great Britain.</subfield>
<subfield code="b">Hydrographic Office.</subfield>
</datafield>
<datafield ind1="1" ind2="0" tag="245">
<subfield code="a">West Indies, Virgin Islands :</subfield>
<subfield code="b">harbour of St. Thomas /</subfield>
<subfield code="c">surveyed by ... G.B. Lawrance, 1851 ; J.C. Walker Sculpt.</subfield>
</datafield>
<datafield ind1="3" ind2="0" tag="246">
<subfield code="a">Harbour of St. Thomas</subfield>
</datafield>
<datafield ind1=" " ind2=" " tag="255">
<subfield code="a">Scale [ca. 1:7,413]; 1 sea mile = 25 cm.</subfield>
</datafield>
<datafield ind1=" " ind2=" " tag="260">
<subfield code="a">[London] :</subfield>
<subfield code="b">Published ... at the Hydrographic Office of the Admiralty :</subfield>
<subfield code="b">sold by J.D. Potter, Agento for the Admiralty,</subfield>
<subfield code="c">1853.</subfield>
</datafield>
<datafield ind1=" " ind2=" " tag="300">
<subfield code="a">1 map ;</subfield>
<subfield code="c">63 x 93 cm.</subfield>
</datafield>
<datafield ind1=" " ind2=" " tag="500">
<subfield code="a">Relief shown by hachures and spot heights. Depths shown by soundings.</subfield>
</datafield>
<datafield ind1=" " ind2=" " tag="500">
<subfield code="a">"June 7th, 1853".</subfield>
</datafield>
<datafield ind1=" " ind2=" " tag="500">
<subfield code="a">"2183".</subfield>
</datafield>
<datafield ind1=" " ind2=" " tag="500">
<subfield code="a">Includes a view of the harbour.</subfield>
</datafield>
<datafield ind1=" " ind2=" " tag="500">
<subfield code="a">Includes index.</subfield>
</datafield>
<datafield ind1=" " ind2=" " tag="530">
<subfield code="a">Also available online.</subfield>
</datafield>
<datafield ind1=" " ind2="0" tag="650">
<subfield code="a">Nautical charts</subfield>
<subfield code="z">United States Virgin Islands</subfield>
<subfield code="z">Saint Thomas.</subfield>
</datafield>
<datafield ind1=" " ind2="0" tag="650">
<subfield code="a">Harbors</subfield>
<subfield code="z">United States Virgin Islands</subfield>
<subfield code="z">Saint Thomas</subfield>
<subfield code="v">Maps.</subfield>
</datafield>
<datafield ind1=" " ind2="0" tag="651">
<subfield code="a">Saint Thomas (United States Virgin Islands)</subfield>
<subfield code="v">Maps.</subfield>
</datafield>
<datafield ind1=" " ind2="0" tag="651">
<subfield code="a">Charlotte Amalie (United States Virgin Islands)</subfield>
<subfield code="v">Maps.</subfield>
</datafield>
<datafield ind1=" " ind2="7" tag="655">
<subfield code="a">Maps.</subfield>
<subfield code="2">lcgft.</subfield>
</datafield>
<datafield ind1=" " ind2="7" tag="655">
<subfield code="a">Nautical charts.</subfield>
<subfield code="2">lcgft.</subfield>
</datafield>
<datafield ind1="2" ind2=" " tag="710">
<subfield code="a">J. &amp; C. Walker (Firm)</subfield>
</datafield>
<datafield ind1="1" ind2=" " tag="700">
<subfield code="a">Lawrance, G. B.</subfield>
</datafield>
<datafield ind1=" " ind2="0" tag="830">
<subfield code="a">Harvard Map Collection digital maps.</subfield>
<subfield code="p">Virgin Islands.</subfield>
<subfield code="p">Saint Thomas.</subfield>
<subfield code="5">net</subfield>
</datafield>
<datafield ind1=" " ind2="0" tag="830">
<subfield code="a">Harvard Map Collection digital maps.</subfield>
<subfield code="p">Virgin Islands.</subfield>
<subfield code="p">Charlotte Amalie.</subfield>
<subfield code="5">net</subfield>
</datafield>
<datafield ind1=" " ind2=" " tag="OWN">
<subfield code="a">MAP</subfield>
</datafield>
<datafield ind1=" " ind2=" " tag="XPR">
<subfield code="a">OCLC</subfield>
<subfield code="b">20110809</subfield>
</datafield>
<datafield ind1=" " ind2=" " tag="H08">
<subfield code="a">c</subfield>
<subfield code="b">20110809</subfield>
</datafield>
<datafield ind1="0" ind2=" " tag="852">
<subfield code="b">MAP</subfield>
<subfield code="c">MAPLC</subfield>
<subfield code="h">G5012.S4 1853</subfield>
<subfield code="i">.G7</subfield>
</datafield>
<datafield ind1=" " ind2=" " tag="H10">
<subfield code="a">O20110809^--^CA440</subfield>
<subfield code="c">20110809^000001^08^000001^p000001-00000-0000-000^F12^0000001^p0000001-000000-00000-0000^CA440</subfield>
<subfield code="e">I</subfield>
</datafield>
<datafield ind1=" " ind2=" " tag="OWN">
<subfield code="a">NET</subfield>
</datafield>
<datafield ind1="0" ind2=" " tag="506">
<subfield code="a">No restrictions on access copy.</subfield>
<subfield code="f">Unrestricted online access</subfield>
<subfield code="2">star</subfield>
<subfield code="5">MH</subfield>
</datafield>
<datafield ind1=" " ind2=" " tag="843">
<subfield code="a">Electronic reproduction.</subfield>
<subfield code="b">Cambridge, Mass. :</subfield>
<subfield code="c">Harvard Map Collection,</subfield>
<subfield code="d">2011.</subfield>
<subfield code="f">(Harvard Map Collection digital maps. Virgin Islands. Saint Thomas).</subfield>
<subfield code="f">(Harvard Map Collection digital maps. Virgin Islands. Charlotte Amalie).</subfield>
<subfield code="7">s2011^^^^maun^s</subfield>
</datafield>
<datafield ind1=" " ind2=" " tag="852">
<subfield code="b">NET</subfield>
<subfield code="c">GEN</subfield>
</datafield>
<datafield ind1="4" ind2="1" tag="856">
<subfield code="z">Harvard Map Collection copy image</subfield>
<subfield code="u">http://nrs.harvard.edu/urn-3:FHCL:5110722?buttons=y</subfield>
</datafield>
<datafield ind1=" " ind2=" " tag="H08">
<subfield code="a">c</subfield>
<subfield code="b">20110824</subfield>
</datafield>
<datafield ind1=" " ind2=" " tag="H09">
<subfield code="k">netmap</subfield>
</datafield>
<datafield ind1=" " ind2=" " tag="H10">
<subfield code="a">O20110824^^CAS95</subfield>
<subfield code="c">20110824^000000^08^000000^n000000-00000-0000-000^F12^0000000^n0000000-000000-00000-0000^CAS95</subfield>
</datafield>
</record>