
<?xml version="1.0" encoding="UTF-8"?>
<record xmlns="http://www.loc.gov/MARC21/slim" xmlns:xsi="http://www.w3.org/2001/XMLSchema-instance" xsi:schemaLocation="http://www.loc.gov/MARC21/slim   http://www.loc.gov/standards/marcxml/schema/MARC21slim.xsd">
<leader>     nem  2200193Ia 4500</leader>
<controlfield tag="001">012844109-7</controlfield>
<controlfield tag="005">20110824192358.0</controlfield>
<controlfield tag="008">110802s1780^^^^dk^^^^^^^|a||^^|1|^^dan^d</controlfield>
<datafield ind1="0" ind2=" " tag="034">
<subfield code="a">a</subfield>
</datafield>
<datafield ind1=" " ind2=" " tag="052">
<subfield code="a">5014</subfield>
<subfield code="b">C6</subfield>
</datafield>
<datafield ind1=" " ind2=" " tag="090">
<subfield code="a">G5014.C6A3 1780</subfield>
<subfield code="b">.R6</subfield>
</datafield>
<datafield ind1="1" ind2=" " tag="100">
<subfield code="a">Rohr, Julius Philipp Benjamin von.</subfield>
</datafield>
<datafield ind1="1" ind2="0" tag="245">
<subfield code="a">Christianstaed paa Ste. Croix /</subfield>
<subfield code="c">J. V. Rohr delin. ; J.D. Philippin, geb. Sysangin sc.</subfield>
</datafield>
<datafield ind1="3" ind2=" " tag="246">
<subfield code="a">Christiansted paa Ste. Croix</subfield>
</datafield>
<datafield ind1=" " ind2=" " tag="255">
<subfield code="a">Not drawn to scale.</subfield>
</datafield>
<datafield ind1=" " ind2=" " tag="260">
<subfield code="a">[s.l. :</subfield>
<subfield code="b">s.n.,</subfield>
<subfield code="c">1780?]</subfield>
</datafield>
<datafield ind1=" " ind2=" " tag="300">
<subfield code="a">1 view ;</subfield>
<subfield code="c">26 x 56 cm.</subfield>
</datafield>
<datafield ind1=" " ind2=" " tag="500">
<subfield code="a">Includes index.</subfield>
</datafield>
<datafield ind1=" " ind2=" " tag="530">
<subfield code="a">Also available online.</subfield>
</datafield>
<datafield ind1=" " ind2="0" tag="651">
<subfield code="a">Christiansted (V.I.)</subfield>
<subfield code="v">Pictorial works</subfield>
<subfield code="v">Early works to 1800.</subfield>
</datafield>
<datafield ind1=" " ind2="0" tag="651">
<subfield code="a">Christiansted (V.I.)</subfield>
<subfield code="v">Aerial views</subfield>
<subfield code="v">Early works to 1800.</subfield>
</datafield>
<datafield ind1=" " ind2="7" tag="655">
<subfield code="a">Aerial views.</subfield>
<subfield code="2">lcgft.</subfield>
</datafield>
<datafield ind1="1" ind2=" " tag="700">
<subfield code="a">Philippin, Johanna Dorothea,</subfield>
<subfield code="d">1729-1791.</subfield>
</datafield>
<datafield ind1=" " ind2="0" tag="830">
<subfield code="a">Harvard Map Collection digital maps.</subfield>
<subfield code="p">Virgin Islands.</subfield>
<subfield code="p">Christiansted.</subfield>
<subfield code="5">net</subfield>
</datafield>
<datafield ind1=" " ind2=" " tag="OWN">
<subfield code="a">NET</subfield>
</datafield>
<datafield ind1="0" ind2=" " tag="506">
<subfield code="a">No restrictions on access copy.</subfield>
<subfield code="f">Unrestricted online access</subfield>
<subfield code="2">star</subfield>
<subfield code="5">MH</subfield>
</datafield>
<datafield ind1=" " ind2=" " tag="843">
<subfield code="a">Electronic reproduction.</subfield>
<subfield code="b">Cambridge, Mass. :</subfield>
<subfield code="c">Harvard Map Collection,</subfield>
<subfield code="d">2011.</subfield>
<subfield code="f">(Harvard Map Collection digital maps. Virgin Islands. Christiansted).</subfield>
<subfield code="7">s2011^^^^maun^s</subfield>
</datafield>
<datafield ind1=" " ind2=" " tag="852">
<subfield code="b">NET</subfield>
<subfield code="c">GEN</subfield>
</datafield>
<datafield ind1="4" ind2="1" tag="856">
<subfield code="z">Harvard Map Collection copy image</subfield>
<subfield code="u">http://nrs.harvard.edu/urn-3:FHCL:5110723?buttons=y</subfield>
</datafield>
<datafield ind1=" " ind2=" " tag="H08">
<subfield code="a">c</subfield>
<subfield code="b">20110824</subfield>
</datafield>
<datafield ind1=" " ind2=" " tag="H09">
<subfield code="k">netmap</subfield>
</datafield>
<datafield ind1=" " ind2=" " tag="H10">
<subfield code="a">O20110824^^CAS95</subfield>
<subfield code="c">20110824^000000^08^000000^n000000-00000-0000-000^F12^0000000^n0000000-000000-00000-0000^CAS95</subfield>
</datafield>
<datafield ind1=" " ind2=" " tag="OWN">
<subfield code="a">MAP</subfield>
</datafield>
<datafield ind1=" " ind2=" " tag="XPR">
<subfield code="a">OCLC</subfield>
<subfield code="b">20110802</subfield>
</datafield>
<datafield ind1=" " ind2=" " tag="H08">
<subfield code="a">c</subfield>
<subfield code="b">20110802</subfield>
</datafield>
<datafield ind1="0" ind2=" " tag="852">
<subfield code="b">MAP</subfield>
<subfield code="c">MAPLC</subfield>
<subfield code="h">G5014.C6A3 1780</subfield>
<subfield code="i">.R6</subfield>
</datafield>
<datafield ind1=" " ind2=" " tag="H10">
<subfield code="a">O20110802^--^CA440</subfield>
<subfield code="c">20110802^000001^08^000001^7000001-00000-0000-000^F12^0000001^70000001-000000-00000-0000^CA440</subfield>
<subfield code="e">I</subfield>
</datafield>
</record>