
<?xml version="1.0" encoding="UTF-8"?>
<record xmlns="http://www.loc.gov/MARC21/slim" xmlns:xsi="http://www.w3.org/2001/XMLSchema-instance" xsi:schemaLocation="http://www.loc.gov/MARC21/slim   http://www.loc.gov/standards/marcxml/schema/MARC21slim.xsd">
<leader>     cem  2200193Ia 4500</leader>
<controlfield tag="001">012846377-5</controlfield>
<controlfield tag="005">20110902193649.0</controlfield>
<controlfield tag="008">990218s1732^^^^enke^^^^^^a^^^^^0^^^eng^d</controlfield>
<datafield ind1="1" ind2=" " tag="034">
<subfield code="a">a</subfield>
<subfield code="b">86000</subfield>
<subfield code="d">W0614759</subfield>
<subfield code="e">W0614759</subfield>
<subfield code="f">N0170259</subfield>
<subfield code="g">N0170259</subfield>
</datafield>
<datafield ind1="0" ind2=" " tag="035">
<subfield code="a">ocm43199069</subfield>
</datafield>
<datafield ind1=" " ind2=" " tag="040">
<subfield code="a">EQO</subfield>
<subfield code="c">EQO</subfield>
<subfield code="d">OCL</subfield>
<subfield code="d">OCLCQ</subfield>
<subfield code="d">OCLCG</subfield>
</datafield>
<datafield ind1=" " ind2=" " tag="043">
<subfield code="a">nwaq---</subfield>
</datafield>
<datafield ind1=" " ind2=" " tag="052">
<subfield code="a">5052.</subfield>
<subfield code="b">A5</subfield>
</datafield>
<datafield ind1=" " ind2=" " tag="090">
<subfield code="a">G5052.A5 1732</subfield>
<subfield code="b">.M6</subfield>
</datafield>
<datafield ind1="1" ind2=" " tag="100">
<subfield code="a">Moll, Herman,</subfield>
<subfield code="d">-1732.</subfield>
</datafield>
<datafield ind1="1" ind2="4" tag="245">
<subfield code="a">The island of Antego /</subfield>
<subfield code="c">by Herman Moll, geographer.</subfield>
</datafield>
<datafield ind1=" " ind2=" " tag="255">
<subfield code="a">Scale [ca. 1:86,000].</subfield>
</datafield>
<datafield ind1=" " ind2=" " tag="260">
<subfield code="a">[London] :</subfield>
<subfield code="b">Sold by T. Bowles next ye Chapter House in St. Pauls Church yard, and I. Bowles at the Black Horse in Cornhill,</subfield>
<subfield code="c">[1732?]</subfield>
</datafield>
<datafield ind1=" " ind2=" " tag="300">
<subfield code="a">1 map :</subfield>
<subfield code="b">hand col. ;</subfield>
<subfield code="c">29 x 36 cm.</subfield>
</datafield>
<datafield ind1=" " ind2=" " tag="500">
<subfield code="a">Depth shown in fathoms.</subfield>
</datafield>
<datafield ind1=" " ind2=" " tag="500">
<subfield code="a">Date derived from the atlas in which the map was issued.</subfield>
</datafield>
<datafield ind1=" " ind2=" " tag="500">
<subfield code="a">Numbered 58.</subfield>
</datafield>
<datafield ind1=" " ind2=" " tag="500">
<subfield code="a">Shows rivers, settlements, roads and shoals.</subfield>
</datafield>
<datafield ind1=" " ind2=" " tag="500">
<subfield code="a">appears in: Moll, Herman. Atlas Minor ...London: Thomas Bowles and John Bowles, 1732?</subfield>
</datafield>
<datafield ind1=" " ind2=" " tag="530">
<subfield code="a">Also available online.</subfield>
</datafield>
<datafield ind1=" " ind2="0" tag="651">
<subfield code="a">Antigua</subfield>
<subfield code="v">Maps.</subfield>
<subfield code="v">Early works to 1800.</subfield>
</datafield>
<datafield ind1=" " ind2="7" tag="655">
<subfield code="a">Maps.</subfield>
<subfield code="2">lcgft.</subfield>
</datafield>
<datafield ind1=" " ind2="7" tag="655">
<subfield code="a">Early maps.</subfield>
<subfield code="2">lcgft.</subfield>
</datafield>
<datafield ind1="1" ind2=" " tag="700">
<subfield code="a">Bowles, John,</subfield>
<subfield code="d">1701-1779.</subfield>
</datafield>
<datafield ind1="1" ind2=" " tag="700">
<subfield code="a">Bowles, Thomas,</subfield>
<subfield code="d">1694-1773.</subfield>
</datafield>
<datafield ind1="1" ind2=" " tag="700">
<subfield code="a">Moll, Herman,</subfield>
<subfield code="d">-1732.</subfield>
<subfield code="t">Atlas Minor.</subfield>
</datafield>
<datafield ind1=" " ind2=" " tag="752">
<subfield code="a">England</subfield>
<subfield code="d">London.</subfield>
</datafield>
<datafield ind1=" " ind2=" " tag="752">
<subfield code="a">West Indies</subfield>
<subfield code="c">Antigua.</subfield>
</datafield>
<datafield ind1=" " ind2="0" tag="830">
<subfield code="a">Harvard Map Collection digital maps.</subfield>
<subfield code="p">Antigua.</subfield>
<subfield code="5">net</subfield>
</datafield>
<datafield ind1=" " ind2=" " tag="OWN">
<subfield code="a">MAP</subfield>
</datafield>
<datafield ind1=" " ind2=" " tag="XPR">
<subfield code="a">OCLC</subfield>
<subfield code="b">20110804</subfield>
</datafield>
<datafield ind1="0" ind2=" " tag="079">
<subfield code="a">ocm43199069</subfield>
</datafield>
<datafield ind1="2" ind2=" " tag="079">
<subfield code="a">ocn904902661</subfield>
</datafield>
<datafield ind1=" " ind2=" " tag="H08">
<subfield code="a">c</subfield>
<subfield code="b">20110804</subfield>
</datafield>
<datafield ind1="0" ind2=" " tag="852">
<subfield code="b">MAP</subfield>
<subfield code="c">MAPLC</subfield>
<subfield code="h">G5052.A5 1732</subfield>
<subfield code="i">.M6</subfield>
</datafield>
<datafield ind1=" " ind2=" " tag="H10">
<subfield code="a">M20110804^--^CA440</subfield>
<subfield code="c">20110804^000001^08^000001^p000001-00000-0000-000^F12^0000001^p0000001-000000-00000-0000^CA440</subfield>
<subfield code="e">M</subfield>
</datafield>
<datafield ind1=" " ind2=" " tag="OWN">
<subfield code="a">NET</subfield>
</datafield>
<datafield ind1="0" ind2=" " tag="506">
<subfield code="a">No restrictions on access copy.</subfield>
<subfield code="f">Unrestricted online access</subfield>
<subfield code="2">star</subfield>
<subfield code="5">MH</subfield>
</datafield>
<datafield ind1=" " ind2=" " tag="843">
<subfield code="a">Electronic reproduction.</subfield>
<subfield code="b">Cambridge, Mass. :</subfield>
<subfield code="c">Harvard Map Collection,</subfield>
<subfield code="d">2011.</subfield>
<subfield code="f">(Harvard Map Collection digital maps. Antigua).</subfield>
<subfield code="7">s2011^^^^maun^s</subfield>
</datafield>
<datafield ind1=" " ind2=" " tag="852">
<subfield code="b">NET</subfield>
<subfield code="c">GEN</subfield>
</datafield>
<datafield ind1="4" ind2="1" tag="856">
<subfield code="z">Harvard Map Collection copy image</subfield>
<subfield code="u">http://nrs.harvard.edu/urn-3:FHCL:5110726?buttons=y</subfield>
</datafield>
<datafield ind1=" " ind2=" " tag="H08">
<subfield code="a">c</subfield>
<subfield code="b">20110824</subfield>
</datafield>
<datafield ind1=" " ind2=" " tag="H09">
<subfield code="k">netmap</subfield>
</datafield>
<datafield ind1=" " ind2=" " tag="H10">
<subfield code="a">O20110824^^CAS95</subfield>
<subfield code="c">20110824^000000^08^000000^n000000-00000-0000-000^F12^0000000^n0000000-000000-00000-0000^CAS95</subfield>
</datafield>
</record>