
<?xml version="1.0" encoding="UTF-8"?>
<record xmlns="http://www.loc.gov/MARC21/slim" xmlns:xsi="http://www.w3.org/2001/XMLSchema-instance" xsi:schemaLocation="http://www.loc.gov/MARC21/slim   http://www.loc.gov/standards/marcxml/schema/MARC21slim.xsd">
<leader>     cem  2200193Ia 4500</leader>
<controlfield tag="001">012846047-4</controlfield>
<controlfield tag="005">20110902193635.0</controlfield>
<controlfield tag="008">030730s1758^^^^fr^ei^^^^^a^^f^^0^^^fre^d</controlfield>
<datafield ind1="1" ind2=" " tag="034">
<subfield code="a">a</subfield>
<subfield code="b">92500</subfield>
<subfield code="d">W0171800</subfield>
<subfield code="e">W0165100</subfield>
<subfield code="f">N0641300</subfield>
<subfield code="g">N0635200</subfield>
</datafield>
<datafield ind1="0" ind2=" " tag="035">
<subfield code="a">ocm54637817</subfield>
</datafield>
<datafield ind1=" " ind2=" " tag="040">
<subfield code="a">YUS</subfield>
<subfield code="c">YUS</subfield>
<subfield code="d">OCLCQ</subfield>
<subfield code="d">OCLCG</subfield>
</datafield>
<datafield ind1=" " ind2=" " tag="043">
<subfield code="a">nwaq---</subfield>
</datafield>
<datafield ind1=" " ind2=" " tag="052">
<subfield code="a">5052</subfield>
<subfield code="b">A5</subfield>
</datafield>
<datafield ind1=" " ind2=" " tag="090">
<subfield code="a">G5052.A5 1758</subfield>
<subfield code="b">B4</subfield>
</datafield>
<datafield ind1="1" ind2=" " tag="100">
<subfield code="a">Bellin, Jacques Nicolas,</subfield>
<subfield code="d">1703-1772.</subfield>
</datafield>
<datafield ind1="1" ind2="0" tag="245">
<subfield code="a">Carte reduite de l'isle d'Antigue :</subfield>
<subfield code="b">dressée au Dépost des cartes, plans et journaux de la marine : pour le service des vaisseaux du roy : par ordre de M. le Marquis de Massiac, lieutenant général des Armeés navales, Secretaire d'Etat aiant le Département de la marine /</subfield>
<subfield code="c">par le S. Bellin, ingenieur de la marine et du Depost des plans, Censeur royal de l'Academie et de la Societe royale de Londres ; tirée des cartes angloises, 1758.</subfield>
</datafield>
<datafield ind1=" " ind2=" " tag="255">
<subfield code="a">Scale [ca. 1:92,500].</subfield>
<subfield code="c">(W 17⁰18ʹ--W 16⁰51ʹ/N 64⁰13ʹ--N 63⁰52).</subfield>
</datafield>
<datafield ind1=" " ind2=" " tag="260">
<subfield code="a">Paris :</subfield>
<subfield code="b">Dépost des cartes, plans et journaux de la marine,</subfield>
<subfield code="c">1758.</subfield>
</datafield>
<datafield ind1=" " ind2=" " tag="300">
<subfield code="a">1 map ;</subfield>
<subfield code="c">55 x 40 cm.</subfield>
</datafield>
<datafield ind1=" " ind2=" " tag="500">
<subfield code="a">Relief shown pictorially. Depths by sondings.</subfield>
</datafield>
<datafield ind1=" " ind2=" " tag="500">
<subfield code="a">'Echelle de lieues marines de France et d'Angleterre de vingt au degre."</subfield>
</datafield>
<datafield ind1=" " ind2=" " tag="530">
<subfield code="a">Also available online.</subfield>
</datafield>
<datafield ind1=" " ind2="0" tag="651">
<subfield code="a">Antigua</subfield>
<subfield code="x">Maps</subfield>
<subfield code="v">Early works to 1800.</subfield>
</datafield>
<datafield ind1=" " ind2="7" tag="655">
<subfield code="a">Maps.</subfield>
<subfield code="2">lcgft.</subfield>
</datafield>
<datafield ind1=" " ind2="7" tag="655">
<subfield code="a">Early maps.</subfield>
<subfield code="2">lcgft.</subfield>
</datafield>
<datafield ind1=" " ind2="0" tag="830">
<subfield code="a">Harvard Map Collection digital maps.</subfield>
<subfield code="p">Antigua.</subfield>
<subfield code="5">net</subfield>
</datafield>
<datafield ind1=" " ind2=" " tag="OWN">
<subfield code="a">NET</subfield>
</datafield>
<datafield ind1="0" ind2=" " tag="506">
<subfield code="a">No restrictions on access copy.</subfield>
<subfield code="f">Unrestricted online access</subfield>
<subfield code="2">star</subfield>
<subfield code="5">MH</subfield>
</datafield>
<datafield ind1=" " ind2=" " tag="843">
<subfield code="a">Electronic reproduction.</subfield>
<subfield code="b">Cambridge, Mass. :</subfield>
<subfield code="c">Harvard Map Collection,</subfield>
<subfield code="d">2011.</subfield>
<subfield code="f">(Harvard Map Collection digital maps. Antigua).</subfield>
<subfield code="7">s2011^^^^maun^s</subfield>
</datafield>
<datafield ind1=" " ind2=" " tag="852">
<subfield code="b">NET</subfield>
<subfield code="c">GEN</subfield>
</datafield>
<datafield ind1="4" ind2="1" tag="856">
<subfield code="z">Harvard Map Collection copy image</subfield>
<subfield code="u">http://nrs.harvard.edu/urn-3:FHCL:5110727?buttons=y</subfield>
</datafield>
<datafield ind1=" " ind2=" " tag="H08">
<subfield code="a">c</subfield>
<subfield code="b">20110824</subfield>
</datafield>
<datafield ind1=" " ind2=" " tag="H09">
<subfield code="k">netmap</subfield>
</datafield>
<datafield ind1=" " ind2=" " tag="H10">
<subfield code="a">O20110824^^CAS95</subfield>
<subfield code="c">20110824^000000^08^000000^n000000-00000-0000-000^F12^0000000^n0000000-000000-00000-0000^CAS95</subfield>
</datafield>
<datafield ind1=" " ind2=" " tag="OWN">
<subfield code="a">MAP</subfield>
</datafield>
<datafield ind1=" " ind2=" " tag="XPR">
<subfield code="a">OCLC</subfield>
<subfield code="b">20110804</subfield>
</datafield>
<datafield ind1=" " ind2=" " tag="H08">
<subfield code="a">c</subfield>
<subfield code="b">20110804</subfield>
</datafield>
<datafield ind1="0" ind2=" " tag="852">
<subfield code="b">MAP</subfield>
<subfield code="c">MAPLC</subfield>
<subfield code="h">G5052.A5 1758</subfield>
<subfield code="i">.B4</subfield>
</datafield>
<datafield ind1=" " ind2=" " tag="561">
<subfield code="a">Christophe Daniel Ebeling Collection, no. 5002. Gift of Israel Thorndike, 1818.</subfield>
<subfield code="5">map</subfield>
</datafield>
<datafield ind1=" " ind2=" " tag="H10">
<subfield code="a">M20110804^--^CA440</subfield>
<subfield code="c">20110804^000001^08^000001^p000001-00000-0000-000^F12^0000001^p0000001-000000-00000-0000^CA440</subfield>
<subfield code="e">I</subfield>
</datafield>
</record>