
<?xml version="1.0" encoding="UTF-8"?>
<record xmlns="http://www.loc.gov/MARC21/slim" xmlns:xsi="http://www.w3.org/2001/XMLSchema-instance" xsi:schemaLocation="http://www.loc.gov/MARC21/slim   http://www.loc.gov/standards/marcxml/schema/MARC21slim.xsd">
<leader>     nem  2200193Ia 4500</leader>
<controlfield tag="001">012796829-6</controlfield>
<controlfield tag="005">20110804182754.0</controlfield>
<controlfield tag="008">090411s1725^^^^ne^i^^^^^^a^^^^^0^^^lat^d</controlfield>
<datafield ind1="1" ind2=" " tag="034">
<subfield code="a">a</subfield>
<subfield code="b">960000</subfield>
<subfield code="d">W0620000</subfield>
<subfield code="e">W0580000</subfield>
<subfield code="f">N0170000</subfield>
<subfield code="g">N0120000</subfield>
</datafield>
<datafield ind1="0" ind2=" " tag="035">
<subfield code="a">ocn318247213</subfield>
</datafield>
<datafield ind1=" " ind2=" " tag="040">
<subfield code="a">NYP</subfield>
<subfield code="c">NYP</subfield>
</datafield>
<datafield ind1=" " ind2=" " tag="052">
<subfield code="a">5060</subfield>
</datafield>
<datafield ind1=" " ind2=" " tag="052">
<subfield code="a">5070</subfield>
</datafield>
<datafield ind1=" " ind2=" " tag="052">
<subfield code="a">5090</subfield>
</datafield>
<datafield ind1=" " ind2=" " tag="090">
<subfield code="a">G5060 1725</subfield>
<subfield code="b">.O8</subfield>
</datafield>
<datafield ind1="1" ind2=" " tag="100">
<subfield code="a">Ottens, R.</subfield>
<subfield code="q">(Reinier),</subfield>
<subfield code="d">1698-1750.</subfield>
</datafield>
<datafield ind1="1" ind2="0" tag="245">
<subfield code="a">Tabula novissima atque accuratissima Caraibicarum insularum sive Cannibalum :</subfield>
<subfield code="b">quae etiam Antillae Gallicae dicuntur, item insulae Supraventum, et in Archipelago Mexicano sitae sunt, ac detectae a Christ. Columbo Ao. MCCCCLXXXXIII /</subfield>
<subfield code="c">nunc demum post varios aliorum conatus ex peritissimorum nautarum tabulis ac diariis, aliisque virorum solertium observationibus de natura ac fertilitate harum insularum, diligenter confecta, et in lucem edita a Reinero Ottens Amstelaedamensi geographo.</subfield>
</datafield>
<datafield ind1="3" ind2=" " tag="246">
<subfield code="a">Tabula novissima atque accuratissima Caraibicarvm insularum sive Cannibalvm</subfield>
</datafield>
<datafield ind1=" " ind2=" " tag="255">
<subfield code="a">Scale [ca. 1:960,000]</subfield>
<subfield code="c">(W 62°--W 58°/N 17°--N 12°).</subfield>
</datafield>
<datafield ind1=" " ind2=" " tag="260">
<subfield code="a">Gedrukt 't Amsterdam :</subfield>
<subfield code="b">by de Wed. I. Ottens, op den Nieuwen Dyk in de Werelt Kaart,</subfield>
<subfield code="c">[1725?]</subfield>
</datafield>
<datafield ind1=" " ind2=" " tag="300">
<subfield code="a">1 map :</subfield>
<subfield code="b">hand col. ;</subfield>
<subfield code="c">59 x 49 cm.</subfield>
</datafield>
<datafield ind1=" " ind2=" " tag="500">
<subfield code="a">Relief shown pictorially.</subfield>
</datafield>
<datafield ind1=" " ind2=" " tag="500">
<subfield code="a">Inset: Peculiaris tabula insulae Martanico, indigenis Matanino dictae ... Scale [ca. 1:325,000].</subfield>
</datafield>
<datafield ind1=" " ind2=" " tag="522">
<subfield code="a">Shows islands from Guadeloupe to Grenada, including Barbados.</subfield>
</datafield>
<datafield ind1=" " ind2=" " tag="500">
<subfield code="a">Appears in Atlas maior cum generales omnium totius orbis regnorum rerumpubl. atque insularum, tum particulares praecipuarum in iis Provinciarum, Ducatuum, Comitatuum ceterarumque minorum regionum ac divisionum tabulas geographicas continens / Collectus et ... dispositus ab Reinero Ottens. Amstelaedami : apud Viduam ac filios Ioachimi Ottens, 1719-1725. (v. 7, map no. 112)</subfield>
</datafield>
<datafield ind1=" " ind2=" " tag="500">
<subfield code="a">Cited by title in French in Ottens catalogue transcribed in Koeman, Atlantes Neerlandici, v. 3, p. 89, no. 264: Les Antilles Fransoises &amp; les isles voisins &amp; l'Isle Martenique en grand.</subfield>
</datafield>
<datafield ind1=" " ind2=" " tag="530">
<subfield code="a">Also available online.</subfield>
</datafield>
<datafield ind1=" " ind2="0" tag="651">
<subfield code="a">Guadeloupe</subfield>
<subfield code="v">Maps</subfield>
<subfield code="v">Early works to 1800.</subfield>
</datafield>
<datafield ind1=" " ind2="0" tag="651">
<subfield code="a">Windward Islands (West Indies)</subfield>
<subfield code="v">Maps</subfield>
<subfield code="v">Early works to 1800.</subfield>
</datafield>
<datafield ind1=" " ind2="0" tag="651">
<subfield code="a">West Indies, French</subfield>
<subfield code="v">Maps</subfield>
<subfield code="v">Early works to 1800.</subfield>
</datafield>
<datafield ind1="1" ind2=" " tag="700">
<subfield code="a">Ottens, R.</subfield>
<subfield code="q">(Reinier),</subfield>
<subfield code="d">1698-1750.</subfield>
<subfield code="t">Atlas maior cum generales omnium totius orbis regnorum rerumpubl. atque insularum, tum particulares praecipuarum in iis Provinciarum, Ducatuum, Comitatuum ceterarumque minorum regionum ac divisionum tabulas geographicas continens.</subfield>
</datafield>
<datafield ind1=" " ind2="0" tag="830">
<subfield code="a">Harvard Map Collection digital maps.</subfield>
<subfield code="p">West Indies, French.</subfield>
<subfield code="5">net</subfield>
</datafield>
<datafield ind1=" " ind2="0" tag="830">
<subfield code="a">Harvard Map Collection digital maps.</subfield>
<subfield code="p">Windward Islands (West Indies)</subfield>
<subfield code="5">net</subfield>
</datafield>
<datafield ind1=" " ind2="0" tag="830">
<subfield code="a">Harvard Map Collection digital maps.</subfield>
<subfield code="p">Guadeloupe</subfield>
<subfield code="5">net</subfield>
</datafield>
<datafield ind1=" " ind2=" " tag="OWN">
<subfield code="a">NET</subfield>
</datafield>
<datafield ind1="0" ind2=" " tag="506">
<subfield code="a">No restrictions on access copy.</subfield>
<subfield code="f">Unrestricted online access</subfield>
<subfield code="2">star</subfield>
<subfield code="5">MH</subfield>
</datafield>
<datafield ind1=" " ind2=" " tag="843">
<subfield code="a">Electronic reproduction.</subfield>
<subfield code="b">Cambridge, Mass. :</subfield>
<subfield code="c">Harvard Map Collection,</subfield>
<subfield code="d">2011.</subfield>
<subfield code="f">(Harvard Map Collection digital maps. West Indies, French).</subfield>
<subfield code="f">(Harvard Map Collection digital maps. Windward Islands (West Indies)).</subfield>
<subfield code="f">(Harvard Map Collection digital maps. Guadeloupe).</subfield>
<subfield code="7">s2011^^^^maun^s</subfield>
</datafield>
<datafield ind1=" " ind2=" " tag="852">
<subfield code="b">NET</subfield>
<subfield code="c">GEN</subfield>
</datafield>
<datafield ind1="4" ind2="1" tag="856">
<subfield code="z">Harvard Map Collection copy image</subfield>
<subfield code="u">http://nrs.harvard.edu/urn-3:FHCL:5025241?buttons=y</subfield>
</datafield>
<datafield ind1=" " ind2=" " tag="H08">
<subfield code="a">c</subfield>
<subfield code="b">20110804</subfield>
</datafield>
<datafield ind1=" " ind2=" " tag="H09">
<subfield code="k">netmap</subfield>
</datafield>
<datafield ind1=" " ind2=" " tag="H10">
<subfield code="a">O20110804^^CAS95</subfield>
<subfield code="c">20110804^000000^08^000000^n000000-00000-0000-000^F12^0000000^n0000000-000000-00000-0000^CAS95</subfield>
</datafield>
<datafield ind1=" " ind2=" " tag="OWN">
<subfield code="a">MAP</subfield>
</datafield>
<datafield ind1=" " ind2=" " tag="XPR">
<subfield code="a">OCLC</subfield>
<subfield code="b">20110607</subfield>
</datafield>
<datafield ind1="0" ind2=" " tag="079">
<subfield code="a">ocn318247213</subfield>
</datafield>
<datafield ind1="2" ind2=" " tag="079">
<subfield code="a">ocn904902486</subfield>
</datafield>
<datafield ind1=" " ind2=" " tag="H08">
<subfield code="a">c</subfield>
<subfield code="b">20110607</subfield>
</datafield>
<datafield ind1="0" ind2=" " tag="852">
<subfield code="b">MAP</subfield>
<subfield code="c">MAPLC</subfield>
<subfield code="h">G5060 1725</subfield>
<subfield code="i">.O8</subfield>
</datafield>
<datafield ind1=" " ind2=" " tag="561">
<subfield code="a">Christophe Daniel Ebeling Collection, no. 4942. Gift of Israel Thorndike, 1818.</subfield>
<subfield code="5">map</subfield>
</datafield>
<datafield ind1=" " ind2=" " tag="H10">
<subfield code="a">M20110607^--^CA440</subfield>
<subfield code="b">20110607^0001^060001^F1100001^p0001-00-00-00^CA440</subfield>
<subfield code="e">4</subfield>
</datafield>
</record>