
<?xml version="1.0" encoding="UTF-8"?>
<record xmlns="http://www.loc.gov/MARC21/slim" xmlns:xsi="http://www.w3.org/2001/XMLSchema-instance" xsi:schemaLocation="http://www.loc.gov/MARC21/slim   http://www.loc.gov/standards/marcxml/schema/MARC21slim.xsd">
<leader>00562nem  2200193Ia 4500</leader>
<controlfield tag="001">004805808-4</controlfield>
<controlfield tag="005">20111114190629.0</controlfield>
<controlfield tag="008">940928s1768^^^^enkd^^^^^^a^^^^00^^^eng^d</controlfield>
<datafield ind1="1" ind2=" " tag="034">
<subfield code="a">a</subfield>
<subfield code="b">241402</subfield>
</datafield>
<datafield ind1="0" ind2=" " tag="035">
<subfield code="a">ocm83765054</subfield>
</datafield>
<datafield ind1=" " ind2=" " tag="052">
<subfield code="a">5070</subfield>
</datafield>
<datafield ind1=" " ind2=" " tag="052">
<subfield code="a">5072</subfield>
<subfield code="b">B3</subfield>
<subfield code="b">G7</subfield>
</datafield>
<datafield ind1=" " ind2=" " tag="090">
<subfield code="a">G5070 1768</subfield>
<subfield code="b">.C3</subfield>
</datafield>
<datafield ind1="1" ind2=" " tag="100">
<subfield code="a">Campbell, Archibald,</subfield>
<subfield code="c">Sir,</subfield>
<subfield code="d">1739-1791.</subfield>
</datafield>
<datafield ind1="1" ind2="2" tag="245">
<subfield code="a">A map of the island of Guadaloupe /</subfield>
<subfield code="c">drawn from an accurate survey by Lieut. Archibald Campbell ; engraved by Thomas Jefferys.</subfield>
</datafield>
<datafield ind1=" " ind2=" " tag="255">
<subfield code="a">Scale [ca. 1:241,402]; 15 British statute miles = 10 cm.</subfield>
</datafield>
<datafield ind1=" " ind2=" " tag="260">
<subfield code="a">[London: :</subfield>
<subfield code="b">s.n.,</subfield>
<subfield code="c">1768?]</subfield>
</datafield>
<datafield ind1=" " ind2=" " tag="300">
<subfield code="a">1 map ;</subfield>
<subfield code="c">47 x 57 cm.</subfield>
</datafield>
<datafield ind1=" " ind2=" " tag="530">
<subfield code="a">Also available online.</subfield>
</datafield>
<datafield ind1=" " ind2=" " tag="500">
<subfield code="a">Relief shown by hachures.</subfield>
</datafield>
<datafield ind1=" " ind2=" " tag="500">
<subfield code="a">Appears in: A general topography of north America and the West Indies... / London : R. Sayer &amp; T. Jefferys, 1768. (Map no. 94)</subfield>
</datafield>
<datafield ind1=" " ind2="0" tag="651">
<subfield code="a">Grande-Terre Island (Guadeloupe)</subfield>
<subfield code="x">Maps</subfield>
<subfield code="v">Early works to 1800.</subfield>
</datafield>
<datafield ind1=" " ind2="0" tag="651">
<subfield code="a">Basse-Terre (Guadeloupe)</subfield>
<subfield code="x">Maps</subfield>
<subfield code="v">Early works to 1800.</subfield>
</datafield>
<datafield ind1=" " ind2="0" tag="651">
<subfield code="a">Guadeloupe</subfield>
<subfield code="x">Maps</subfield>
<subfield code="v">Early works to 1800.</subfield>
</datafield>
<datafield ind1=" " ind2="7" tag="655">
<subfield code="a">Maps.</subfield>
<subfield code="2">lcgft.</subfield>
</datafield>
<datafield ind1=" " ind2="7" tag="655">
<subfield code="a">Early maps.</subfield>
<subfield code="2">lcgft.</subfield>
</datafield>
<datafield ind1="1" ind2=" " tag="700">
<subfield code="a">Jefferys, Thomas,</subfield>
<subfield code="d">-1771.</subfield>
</datafield>
<datafield ind1=" " ind2="0" tag="830">
<subfield code="a">Harvard Map Collection digital maps.</subfield>
<subfield code="p">Guadeloupe.</subfield>
<subfield code="5">net</subfield>
</datafield>
<datafield ind1=" " ind2="0" tag="830">
<subfield code="a">Harvard Map Collection digital maps.</subfield>
<subfield code="p">Guadeloupe.</subfield>
<subfield code="p">Grande Terre Island.</subfield>
<subfield code="5">net</subfield>
</datafield>
<datafield ind1=" " ind2="0" tag="830">
<subfield code="a">Harvard Map Collection digital maps.</subfield>
<subfield code="p">Guadeloupe.</subfield>
<subfield code="p">Basse Terre.</subfield>
<subfield code="5">net</subfield>
</datafield>
<datafield ind1=" " ind2=" " tag="H48">
<subfield code="a">ORK2888ASWID2Box01278</subfield>
<subfield code="b">19940929</subfield>
<subfield code="c">19940930</subfield>
</datafield>
<datafield ind1="7" ind2=" " tag="H01">
<subfield code="a">AXZ6457</subfield>
</datafield>
<datafield ind1=" " ind2=" " tag="H03">
<subfield code="a">MHAXZ64577HU</subfield>
</datafield>
<datafield ind1=" " ind2=" " tag="OWN">
<subfield code="a">MAP</subfield>
</datafield>
<datafield ind1=" " ind2=" " tag="XPR">
<subfield code="a">OCLC</subfield>
<subfield code="b">20110818</subfield>
</datafield>
<datafield ind1="0" ind2=" " tag="079">
<subfield code="a">ocm83765054</subfield>
</datafield>
<datafield ind1="2" ind2=" " tag="079">
<subfield code="a">ocn646142722</subfield>
</datafield>
<datafield ind1="0" ind2=" " tag="852">
<subfield code="b">MAP</subfield>
<subfield code="c">MAPLC</subfield>
<subfield code="h">G5070 1768</subfield>
<subfield code="i">.C3</subfield>
</datafield>
<datafield ind1=" " ind2=" " tag="H08">
<subfield code="a">c</subfield>
<subfield code="b">20020630</subfield>
</datafield>
<datafield ind1="7" ind2=" " tag="H01">
<subfield code="a">AXZ6457</subfield>
<subfield code="b">001</subfield>
<subfield code="x">01</subfield>
</datafield>
<datafield ind1=" " ind2=" " tag="H03">
<subfield code="a">MHAXZ64577HU</subfield>
</datafield>
<datafield ind1=" " ind2=" " tag="H10">
<subfield code="a">O20110818^--^CA440</subfield>
<subfield code="c">20110818^000001^08^000001^p000001-00000-0000-000^F12^0000001^p0000001-000000-00000-0000^CA440</subfield>
<subfield code="e">I</subfield>
</datafield>
<datafield ind1=" " ind2=" " tag="OWN">
<subfield code="a">NET</subfield>
</datafield>
<datafield ind1="0" ind2=" " tag="506">
<subfield code="a">No restrictions on access copy.</subfield>
<subfield code="f">Unrestricted online access</subfield>
<subfield code="2">star</subfield>
<subfield code="5">MH</subfield>
</datafield>
<datafield ind1=" " ind2=" " tag="843">
<subfield code="a">Electronic reproduction.</subfield>
<subfield code="b">Cambridge, Mass. :</subfield>
<subfield code="c">Harvard Map Collection,</subfield>
<subfield code="d">2011.</subfield>
<subfield code="f">(Harvard Map Collection digital maps. Guadeloupe.).</subfield>
<subfield code="f">(Harvard Map Collection digital maps. Guadeloupe. Grande Terre Island.).</subfield>
<subfield code="f">(Harvard Map Collection digital maps. Guadeloupe. Basse Terre.).</subfield>
<subfield code="7">s2011^^^^maun^s</subfield>
</datafield>
<datafield ind1=" " ind2=" " tag="852">
<subfield code="b">NET</subfield>
<subfield code="c">GEN</subfield>
</datafield>
<datafield ind1="4" ind2="1" tag="856">
<subfield code="z">Harvard Map Collection copy image</subfield>
<subfield code="u">http://nrs.harvard.edu/urn-3:FHCL:5125242?buttons=y</subfield>
</datafield>
<datafield ind1=" " ind2=" " tag="H08">
<subfield code="a">c</subfield>
<subfield code="b">20111020</subfield>
</datafield>
<datafield ind1=" " ind2=" " tag="H09">
<subfield code="k">netmap</subfield>
</datafield>
<datafield ind1=" " ind2=" " tag="H10">
<subfield code="a">O20111020^^PMS78</subfield>
<subfield code="c">20111020^000000^10^000000^n000000-00000-0000-000^F12^0000000^n0000000-000000-00000-0000^PMS78</subfield>
</datafield>
</record>