
<?xml version="1.0" encoding="UTF-8"?>
<record xmlns="http://www.loc.gov/MARC21/slim" xmlns:xsi="http://www.w3.org/2001/XMLSchema-instance" xsi:schemaLocation="http://www.loc.gov/MARC21/slim   http://www.loc.gov/standards/marcxml/schema/MARC21slim.xsd">
<leader>     cem  2200193Ia 4500</leader>
<controlfield tag="001">012845972-7</controlfield>
<controlfield tag="005">20110902193626.0</controlfield>
<controlfield tag="008">010615s1768^^^^enkd^^^^^^a^^^^^0^^^eng^d</controlfield>
<datafield ind1="1" ind2=" " tag="034">
<subfield code="a">a</subfield>
<subfield code="b">7200</subfield>
<subfield code="d">W0614300</subfield>
<subfield code="e">W0614300</subfield>
<subfield code="f">N0160000</subfield>
<subfield code="g">N0160000</subfield>
</datafield>
<datafield ind1="0" ind2=" " tag="035">
<subfield code="a">ocm61566067</subfield>
</datafield>
<datafield ind1=" " ind2=" " tag="040">
<subfield code="a">LGG</subfield>
<subfield code="c">LGG</subfield>
<subfield code="d">OCLCQ</subfield>
<subfield code="d">OCLCG</subfield>
<subfield code="d">KRTAS</subfield>
</datafield>
<datafield ind1=" " ind2=" " tag="043">
<subfield code="a">nwgp---</subfield>
</datafield>
<datafield ind1=" " ind2=" " tag="052">
<subfield code="a">5074</subfield>
<subfield code="b">B3</subfield>
</datafield>
<datafield ind1=" " ind2=" " tag="090">
<subfield code="a">G5074.B3 1768</subfield>
<subfield code="b">.J4</subfield>
</datafield>
<datafield ind1="1" ind2=" " tag="100">
<subfield code="a">Jefferys, Thomas,</subfield>
<subfield code="d">-1771.</subfield>
</datafield>
<datafield ind1="1" ind2="0" tag="245">
<subfield code="a">Plan of the town of Basse Terre the capital of Guadaloupe :</subfield>
<subfield code="b">from an authentic survey /</subfield>
<subfield code="c">T. Jefferys, sculp.</subfield>
</datafield>
<datafield ind1=" " ind2=" " tag="255">
<subfield code="a">Scale [ca. 1:7,200].</subfield>
</datafield>
<datafield ind1=" " ind2=" " tag="260">
<subfield code="a">London :</subfield>
<subfield code="b">T. Jefferys,</subfield>
<subfield code="c">[1768]</subfield>
</datafield>
<datafield ind1=" " ind2=" " tag="300">
<subfield code="a">1 map :</subfield>
<subfield code="b">hand col. ;</subfield>
<subfield code="c">23 x 32 cm.</subfield>
</datafield>
<datafield ind1=" " ind2=" " tag="500">
<subfield code="a">Relief shown by hachures.</subfield>
</datafield>
<datafield ind1=" " ind2=" " tag="500">
<subfield code="a">Shows buildings, fortifications, fields, etc.</subfield>
</datafield>
<datafield ind1=" " ind2=" " tag="500">
<subfield code="a">Oriented with north toward upper left.</subfield>
</datafield>
<datafield ind1=" " ind2=" " tag="500">
<subfield code="a">"Published by Thos. Jefferys, Geographer to his Royal Highness the Prince of Wales, near Charing Cross, London" appears below lower left neat line.</subfield>
</datafield>
<datafield ind1=" " ind2=" " tag="500">
<subfield code="a">From his: A general topography of North America and the West Indies, 1768.</subfield>
</datafield>
<datafield ind1="4" ind2=" " tag="510">
<subfield code="a">Phillips,</subfield>
<subfield code="c">1196, map 96</subfield>
</datafield>
<datafield ind1=" " ind2=" " tag="530">
<subfield code="a">Also available online.</subfield>
</datafield>
<datafield ind1=" " ind2="0" tag="651">
<subfield code="a">Basse-Terre (Guadeloupe)</subfield>
<subfield code="v">Maps</subfield>
<subfield code="v">Early works to 1800.</subfield>
</datafield>
<datafield ind1=" " ind2="7" tag="655">
<subfield code="a">Maps.</subfield>
<subfield code="2">lcgft.</subfield>
</datafield>
<datafield ind1=" " ind2="7" tag="655">
<subfield code="a">Early maps.</subfield>
<subfield code="2">lcgft.</subfield>
</datafield>
<datafield ind1="1" ind2=" " tag="700">
<subfield code="a">Jefferys, Thomas,</subfield>
<subfield code="d">-1771.</subfield>
<subfield code="t">General topography of North America and the West Indies, 1768.</subfield>
</datafield>
<datafield ind1=" " ind2="0" tag="830">
<subfield code="a">Harvard Map Collection digital maps.</subfield>
<subfield code="p">Guadeloupe.</subfield>
<subfield code="p">Basse-Terre.</subfield>
<subfield code="5">net</subfield>
</datafield>
<datafield ind1=" " ind2=" " tag="OWN">
<subfield code="a">MAP</subfield>
</datafield>
<datafield ind1=" " ind2=" " tag="XPR">
<subfield code="a">OCLC</subfield>
<subfield code="b">20110804</subfield>
</datafield>
<datafield ind1="0" ind2=" " tag="079">
<subfield code="a">ocm61566067</subfield>
</datafield>
<datafield ind1="2" ind2=" " tag="079">
<subfield code="a">ocn904902637</subfield>
</datafield>
<datafield ind1=" " ind2=" " tag="H08">
<subfield code="a">c</subfield>
<subfield code="b">20110804</subfield>
</datafield>
<datafield ind1="0" ind2=" " tag="852">
<subfield code="b">MAP</subfield>
<subfield code="c">MAPLC</subfield>
<subfield code="h">G5074.B3 1768</subfield>
<subfield code="i">.J4</subfield>
</datafield>
<datafield ind1=" " ind2=" " tag="H10">
<subfield code="a">M20110804^--^CA440</subfield>
<subfield code="c">20110804^000001^08^000001^p000001-00000-0000-000^F12^0000001^p0000001-000000-00000-0000^CA440</subfield>
<subfield code="e">I</subfield>
</datafield>
<datafield ind1=" " ind2=" " tag="OWN">
<subfield code="a">NET</subfield>
</datafield>
<datafield ind1="0" ind2=" " tag="506">
<subfield code="a">No restrictions on access copy.</subfield>
<subfield code="f">Unrestricted online access</subfield>
<subfield code="2">star</subfield>
<subfield code="5">MH</subfield>
</datafield>
<datafield ind1=" " ind2=" " tag="843">
<subfield code="a">Electronic reproduction.</subfield>
<subfield code="b">Cambridge, Mass. :</subfield>
<subfield code="c">Harvard Map Collection,</subfield>
<subfield code="d">2011.</subfield>
<subfield code="f">(Harvard Map Collection digital maps. Guadeloupe. Basse-Terre).</subfield>
<subfield code="7">s2011^^^^maun^s</subfield>
</datafield>
<datafield ind1=" " ind2=" " tag="852">
<subfield code="b">NET</subfield>
<subfield code="c">GEN</subfield>
</datafield>
<datafield ind1="4" ind2="1" tag="856">
<subfield code="z">Harvard Map Collection copy image</subfield>
<subfield code="u">http://nrs.harvard.edu/urn-3:FHCL:5110731?buttons=y</subfield>
</datafield>
<datafield ind1=" " ind2=" " tag="H08">
<subfield code="a">c</subfield>
<subfield code="b">20110825</subfield>
</datafield>
<datafield ind1=" " ind2=" " tag="H09">
<subfield code="k">netmap</subfield>
</datafield>
<datafield ind1=" " ind2=" " tag="H10">
<subfield code="a">O20110825^^CAS95</subfield>
<subfield code="c">20110825^000000^08^000000^n000000-00000-0000-000^F12^0000000^n0000000-000000-00000-0000^CAS95</subfield>
</datafield>
</record>