
<?xml version="1.0" encoding="UTF-8"?>
<record xmlns="http://www.loc.gov/MARC21/slim" xmlns:xsi="http://www.w3.org/2001/XMLSchema-instance" xsi:schemaLocation="http://www.loc.gov/MARC21/slim   http://www.loc.gov/standards/marcxml/schema/MARC21slim.xsd">
<leader>     nem  2200193Ia 4500</leader>
<controlfield tag="001">012863464-2</controlfield>
<controlfield tag="005">20140513082805.0</controlfield>
<controlfield tag="008">050203q17401749gw^i^^^^^^a^^^^^0^^^fre^d</controlfield>
<datafield ind1="0" ind2=" " tag="034">
<subfield code="a">a</subfield>
</datafield>
<datafield ind1="0" ind2=" " tag="035">
<subfield code="a">ocn747917613</subfield>
</datafield>
<datafield ind1=" " ind2=" " tag="052">
<subfield code="a">5080</subfield>
</datafield>
<datafield ind1=" " ind2=" " tag="090">
<subfield code="a">G5080 1740</subfield>
<subfield code="b">.S4</subfield>
</datafield>
<datafield ind1="1" ind2=" " tag="100">
<subfield code="a">Seutter, Matthaeus,</subfield>
<subfield code="d">1678-1756.</subfield>
</datafield>
<datafield ind1="1" ind2="0" tag="245">
<subfield code="a">Representation la plus nouvelle et exacte de l'Ile Martinique :</subfield>
<subfield code="b">la premiere des iles del'Amerique Antilles, nomées Barlovento /</subfield>
<subfield code="c">aux depens de Matthieu Seutter, graveur de cartes geograph. ; Albrecht Carl Seutter sculp.</subfield>
</datafield>
<datafield ind1=" " ind2=" " tag="255">
<subfield code="a">Scale not given.</subfield>
</datafield>
<datafield ind1=" " ind2=" " tag="260">
<subfield code="a">Augsbourg :</subfield>
<subfield code="b">M. Seutter,</subfield>
<subfield code="c">[between 1740 and 1749]</subfield>
</datafield>
<datafield ind1=" " ind2=" " tag="300">
<subfield code="a">1 map :</subfield>
<subfield code="b">hand col. ;</subfield>
<subfield code="c">47 x 54 cm.</subfield>
</datafield>
<datafield ind1=" " ind2=" " tag="530">
<subfield code="a">Also available online.</subfield>
</datafield>
<datafield ind1=" " ind2=" " tag="500">
<subfield code="a">Relief shown pictorially.</subfield>
</datafield>
<datafield ind1=" " ind2=" " tag="500">
<subfield code="a">Prime meridian Ferro.</subfield>
</datafield>
<datafield ind1=" " ind2=" " tag="500">
<subfield code="a">"Cum gratia et privil. s.r.i. vicariat[us], in partib[us] Rheni, Sveviae, et Juris Franconici."</subfield>
</datafield>
<datafield ind1=" " ind2=" " tag="500">
<subfield code="a">Includes an elaborate cartouche, 3 compass roses and rhumblines.</subfield>
</datafield>
<datafield ind1=" " ind2=" " tag="500">
<subfield code="a">Appears in his: Atlas novus, sive tabulae geographicae totius orbis, faciem, partes, imperia, regna et provincias exhibentes... Augustae Vindelicorum : M. Seutter, [1740-1756] 2 v., (v. 1, map no. 144)</subfield>
</datafield>
<datafield ind1=" " ind2="0" tag="651">
<subfield code="a">Martinique</subfield>
<subfield code="v">Maps</subfield>
<subfield code="v">Early works to 1800.</subfield>
</datafield>
<datafield ind1=" " ind2="7" tag="655">
<subfield code="a">Maps.</subfield>
<subfield code="2">lcgft.</subfield>
</datafield>
<datafield ind1=" " ind2="7" tag="655">
<subfield code="a">Early maps.</subfield>
<subfield code="2">lcgft.</subfield>
</datafield>
<datafield ind1="1" ind2=" " tag="700">
<subfield code="a">Seutter, Matthaeus,</subfield>
<subfield code="d">1678-1756.</subfield>
<subfield code="t">Atlas novus, sive tabulae geographicae totius orbis--</subfield>
</datafield>
<datafield ind1="1" ind2=" " tag="700">
<subfield code="a">Seutter, Albrecht Carl,</subfield>
<subfield code="d">1722-1762</subfield>
</datafield>
<datafield ind1=" " ind2="0" tag="830">
<subfield code="a">Harvard Map Collection digital maps.</subfield>
<subfield code="p">Martinique.</subfield>
<subfield code="5">net</subfield>
</datafield>
<datafield ind1=" " ind2=" " tag="OWN">
<subfield code="a">MAP</subfield>
</datafield>
<datafield ind1=" " ind2=" " tag="XPR">
<subfield code="a">OCLC</subfield>
<subfield code="b">20110818</subfield>
</datafield>
<datafield ind1="0" ind2=" " tag="079">
<subfield code="a">ocn747917613</subfield>
</datafield>
<datafield ind1="2" ind2=" " tag="079">
<subfield code="a">ocn879539090</subfield>
</datafield>
<datafield ind1=" " ind2=" " tag="561">
<subfield code="a">Christophe Daniel Ebeling Collection, no. 5018. Gift of Israel Thorndike, 1818.</subfield>
<subfield code="5">map</subfield>
</datafield>
<datafield ind1="0" ind2=" " tag="852">
<subfield code="b">MAP</subfield>
<subfield code="c">MAPLC</subfield>
<subfield code="h">G5080 1740</subfield>
<subfield code="i">.S4</subfield>
</datafield>
<datafield ind1=" " ind2=" " tag="H08">
<subfield code="a">c</subfield>
<subfield code="b">20110818</subfield>
</datafield>
<datafield ind1=" " ind2=" " tag="H10">
<subfield code="a">O20110818^--^CA440</subfield>
<subfield code="c">20110818^000001^08^000001^p000001-00000-0000-000^F12^0000001^p0000001-000000-00000-0000^CA440</subfield>
<subfield code="e">I</subfield>
</datafield>
<datafield ind1=" " ind2=" " tag="OWN">
<subfield code="a">NET</subfield>
</datafield>
<datafield ind1="0" ind2=" " tag="506">
<subfield code="a">No restrictions on access copy.</subfield>
<subfield code="f">Unrestricted online access</subfield>
<subfield code="2">star</subfield>
<subfield code="5">MH</subfield>
</datafield>
<datafield ind1=" " ind2=" " tag="843">
<subfield code="a">Electronic reproduction.</subfield>
<subfield code="b">Cambridge, Mass. :</subfield>
<subfield code="c">Harvard Map Collection,</subfield>
<subfield code="d">2011.</subfield>
<subfield code="f">(Harvard Map Collection digital maps. Martinique).</subfield>
<subfield code="7">s2011^^^^maun^s</subfield>
</datafield>
<datafield ind1=" " ind2=" " tag="852">
<subfield code="b">NET</subfield>
<subfield code="c">GEN</subfield>
</datafield>
<datafield ind1="4" ind2="1" tag="856">
<subfield code="z">Harvard Map Collection copy image</subfield>
<subfield code="u">http://nrs.harvard.edu/urn-3:FHCL:5125245?buttons=y</subfield>
</datafield>
<datafield ind1=" " ind2=" " tag="H08">
<subfield code="a">c</subfield>
<subfield code="b">20111024</subfield>
</datafield>
<datafield ind1=" " ind2=" " tag="H09">
<subfield code="k">netmap</subfield>
</datafield>
<datafield ind1=" " ind2=" " tag="H10">
<subfield code="a">O20111024^^PMS78</subfield>
<subfield code="c">20111024^000000^10^000000^n000000-00000-0000-000^F12^0000000^n0000000-000000-00000-0000^PMS78</subfield>
</datafield>
</record>