
<?xml version="1.0" encoding="UTF-8"?>
<record xmlns="http://www.loc.gov/MARC21/slim" xmlns:xsi="http://www.w3.org/2001/XMLSchema-instance" xsi:schemaLocation="http://www.loc.gov/MARC21/slim   http://www.loc.gov/standards/marcxml/schema/MARC21slim.xsd">
<leader>     nem  2200193Ia 4500</leader>
<controlfield tag="001">012863431-6</controlfield>
<controlfield tag="005">20111024150205.0</controlfield>
<controlfield tag="008">751015s1759^^^^enkd^^^^^^a^^^^^0^^^eng^^</controlfield>
<datafield ind1="1" ind2=" " tag="034">
<subfield code="a">a</subfield>
<subfield code="b">250000</subfield>
<subfield code="d">W0611500</subfield>
<subfield code="e">W0604700</subfield>
<subfield code="f">N0145500</subfield>
<subfield code="g">N0142200</subfield>
</datafield>
<datafield ind1="0" ind2=" " tag="035">
<subfield code="a">ocn747917610</subfield>
</datafield>
<datafield ind1=" " ind2=" " tag="052">
<subfield code="a">5080</subfield>
</datafield>
<datafield ind1=" " ind2=" " tag="090">
<subfield code="a">G5080 1759</subfield>
<subfield code="b">.J4</subfield>
</datafield>
<datafield ind1="1" ind2=" " tag="100">
<subfield code="a">Jefferys, Thomas,</subfield>
<subfield code="d">-1771.</subfield>
</datafield>
<datafield ind1="1" ind2="0" tag="245">
<subfield code="a">Martinico :</subfield>
<subfield code="b">one of the Caribbee Islands in the West Indies, subject to the French /</subfield>
<subfield code="c">according to the observations of Mr. Houel engineer ; by Thos. Jefferys, geographer to His Royal Highness the Prince.</subfield>
</datafield>
<datafield ind1=" " ind2=" " tag="260">
<subfield code="a">[London :</subfield>
<subfield code="b">T. Jefferys,</subfield>
<subfield code="c">1759?]</subfield>
</datafield>
<datafield ind1=" " ind2=" " tag="300">
<subfield code="a">1 map :</subfield>
<subfield code="b">hand col. ;</subfield>
<subfield code="c">33 x 36 cm.</subfield>
</datafield>
<datafield ind1=" " ind2=" " tag="530">
<subfield code="a">Also available online.</subfield>
</datafield>
<datafield ind1=" " ind2=" " tag="507">
<subfield code="a">Scale ca. 1:250,000.</subfield>
</datafield>
<datafield ind1=" " ind2=" " tag="500">
<subfield code="a">Relief shown by hachures.</subfield>
</datafield>
<datafield ind1=" " ind2=" " tag="500">
<subfield code="a">Prime meridian Ferro and London.</subfield>
</datafield>
<datafield ind1=" " ind2=" " tag="500">
<subfield code="a">Shows habitation or plantations, sugar works, oxen and water mills, observations points, etc.</subfield>
</datafield>
<datafield ind1=" " ind2=" " tag="500">
<subfield code="a">This edition lacks the imprint: "Published by Thos. Jefferys near Charing Cross London" found on later editions.</subfield>
</datafield>
<datafield ind1=" " ind2="0" tag="651">
<subfield code="a">Martinique</subfield>
<subfield code="v">Maps</subfield>
<subfield code="v">Early works to 1800.</subfield>
</datafield>
<datafield ind1=" " ind2="7" tag="655">
<subfield code="a">Maps.</subfield>
<subfield code="2">lcgft.</subfield>
</datafield>
<datafield ind1=" " ind2="7" tag="655">
<subfield code="a">Early maps.</subfield>
<subfield code="2">lcgft.</subfield>
</datafield>
<datafield ind1="1" ind2=" " tag="700">
<subfield code="a">Höuel, Jean Pierre Louis Laurent,</subfield>
<subfield code="d">1735-1813.</subfield>
</datafield>
<datafield ind1=" " ind2="0" tag="830">
<subfield code="a">Harvard Map Collection digital maps.</subfield>
<subfield code="p">Martinique.</subfield>
<subfield code="5">net</subfield>
</datafield>
<datafield ind1=" " ind2=" " tag="OWN">
<subfield code="a">MAP</subfield>
</datafield>
<datafield ind1=" " ind2=" " tag="XPR">
<subfield code="a">OCLC</subfield>
<subfield code="b">20110818</subfield>
</datafield>
<datafield ind1="0" ind2=" " tag="079">
<subfield code="a">ocn747917610</subfield>
</datafield>
<datafield ind1="2" ind2=" " tag="079">
<subfield code="a">ocn904902709</subfield>
</datafield>
<datafield ind1=" " ind2=" " tag="H08">
<subfield code="a">c</subfield>
<subfield code="b">20110818</subfield>
</datafield>
<datafield ind1="0" ind2=" " tag="852">
<subfield code="b">MAP</subfield>
<subfield code="c">MAPLC</subfield>
<subfield code="h">G5080 1759</subfield>
<subfield code="i">.J4</subfield>
</datafield>
<datafield ind1=" " ind2=" " tag="561">
<subfield code="a">Christophe Daniel Ebeling Collection, no. 5022. Gift of Israel Thorndike, 1818.</subfield>
<subfield code="5">map</subfield>
</datafield>
<datafield ind1=" " ind2=" " tag="H10">
<subfield code="a">O20110818^--^CA440</subfield>
<subfield code="c">20110818^000001^08^000001^p000001-00000-0000-000^F12^0000001^p0000001-000000-00000-0000^CA440</subfield>
<subfield code="e">I</subfield>
</datafield>
<datafield ind1=" " ind2=" " tag="OWN">
<subfield code="a">NET</subfield>
</datafield>
<datafield ind1="0" ind2=" " tag="506">
<subfield code="a">No restrictions on access copy.</subfield>
<subfield code="f">Unrestricted online access</subfield>
<subfield code="2">star</subfield>
<subfield code="5">MH</subfield>
</datafield>
<datafield ind1=" " ind2=" " tag="843">
<subfield code="a">Electronic reproduction.</subfield>
<subfield code="b">Cambridge, Mass. :</subfield>
<subfield code="c">Harvard Map Collection,</subfield>
<subfield code="d">2011.</subfield>
<subfield code="f">(Harvard Map Collection digital maps. Martinique).</subfield>
<subfield code="7">s2011^^^^maun^s</subfield>
</datafield>
<datafield ind1=" " ind2=" " tag="852">
<subfield code="b">NET</subfield>
<subfield code="c">GEN</subfield>
</datafield>
<datafield ind1="4" ind2="1" tag="856">
<subfield code="z">Harvard Map Collection copy image</subfield>
<subfield code="u">http://nrs.harvard.edu/urn-3:FHCL:5125246?buttons=y</subfield>
</datafield>
<datafield ind1=" " ind2=" " tag="H08">
<subfield code="a">c</subfield>
<subfield code="b">20111024</subfield>
</datafield>
<datafield ind1=" " ind2=" " tag="H09">
<subfield code="k">netmap</subfield>
</datafield>
<datafield ind1=" " ind2=" " tag="H10">
<subfield code="a">O20111024^^PMS78</subfield>
<subfield code="c">20111024^000000^10^000000^n000000-00000-0000-000^F12^0000000^n0000000-000000-00000-0000^PMS78</subfield>
</datafield>
</record>