
<?xml version="1.0" encoding="UTF-8"?>
<record xmlns="http://www.loc.gov/MARC21/slim" xmlns:xsi="http://www.w3.org/2001/XMLSchema-instance" xsi:schemaLocation="http://www.loc.gov/MARC21/slim   http://www.loc.gov/standards/marcxml/schema/MARC21slim.xsd">
<leader>     nem  2200193Ia 4500</leader>
<controlfield tag="001">012855681-1</controlfield>
<controlfield tag="005">20111024151352.0</controlfield>
<controlfield tag="008">100615s1868^^^^fr^de^^^^^a^^^^^0^^^fre^d</controlfield>
<datafield ind1="0" ind2=" " tag="034">
<subfield code="a">a</subfield>
</datafield>
<datafield ind1=" " ind2=" " tag="052">
<subfield code="a">5080</subfield>
</datafield>
<datafield ind1=" " ind2=" " tag="090">
<subfield code="a">G5080 1868</subfield>
<subfield code="b">.M6</subfield>
</datafield>
<datafield ind1="1" ind2=" " tag="100">
<subfield code="a">Monnier, H ,</subfield>
<subfield code="d">active 1827-1831.</subfield>
</datafield>
<datafield ind1="1" ind2="0" tag="245">
<subfield code="a">Carte générale, de la Martinique :</subfield>
<subfield code="b">dressée pour la partie topographique, d'après la carte levée en 1763, 1764, 1765 et 1766 par des Ingénieurs des Camps et Armées, et pour la partie hydrographique, d'après les travaux exécutés en 1824 et 1825 /</subfield>
<subfield code="c">par M. Monnier, Ingénieur Hydrographe de la Marine, Chevalier de la Légion d'Honneur ; secondé par M. Le Bourguignon-Duperré, Ingénieur Hydrographe de la Marine ; gravé par E. Collin fils.</subfield>
</datafield>
<datafield ind1=" " ind2=" " tag="255">
<subfield code="a">Scale not given.</subfield>
</datafield>
<datafield ind1=" " ind2=" " tag="260">
<subfield code="a">[Paris] :</subfield>
<subfield code="b">Dépôt Général de la Marine,</subfield>
<subfield code="c">[1868]</subfield>
</datafield>
<datafield ind1=" " ind2=" " tag="300">
<subfield code="a">1 map ;</subfield>
<subfield code="c">89 x 63 cm.</subfield>
</datafield>
<datafield ind1=" " ind2=" " tag="530">
<subfield code="a">Also available online.</subfield>
</datafield>
<datafield ind1=" " ind2=" " tag="500">
<subfield code="a">Relief shown by hachures, depths shown by soundings.</subfield>
</datafield>
<datafield ind1=" " ind2=" " tag="500">
<subfield code="a">Prime meridian Paris.</subfield>
</datafield>
<datafield ind1=" " ind2=" " tag="500">
<subfield code="a">"Ecrit par Hacq."</subfield>
</datafield>
<datafield ind1=" " ind2=" " tag="500">
<subfield code="a">"Corrections secondaires en 1868."</subfield>
</datafield>
<datafield ind1=" " ind2=" " tag="500">
<subfield code="a">"Publiée par ordre du Roi."</subfield>
</datafield>
<datafield ind1=" " ind2=" " tag="500">
<subfield code="a">"No. 383".</subfield>
</datafield>
<datafield ind1=" " ind2=" " tag="500">
<subfield code="a">At lower right corner, engraved seal of the Dépôt Général de la Marine.</subfield>
</datafield>
<datafield ind1=" " ind2="0" tag="651">
<subfield code="a">Martinique</subfield>
<subfield code="v">Maps.</subfield>
</datafield>
<datafield ind1=" " ind2="0" tag="650">
<subfield code="a">Nautical charts</subfield>
<subfield code="z">Martinique.</subfield>
</datafield>
<datafield ind1=" " ind2="7" tag="655">
<subfield code="a">Maps.</subfield>
<subfield code="2">lcgft.</subfield>
</datafield>
<datafield ind1=" " ind2="7" tag="655">
<subfield code="a">Nautical charts.</subfield>
<subfield code="2">lcgft.</subfield>
</datafield>
<datafield ind1="1" ind2=" " tag="700">
<subfield code="a">Le Bourguignon-Duperré, Cyprien Gabriel.</subfield>
</datafield>
<datafield ind1="1" ind2=" " tag="700">
<subfield code="a">Collin, Etienne,</subfield>
<subfield code="d">1790-1852.</subfield>
</datafield>
<datafield ind1="1" ind2=" " tag="710">
<subfield code="a">France.</subfield>
<subfield code="b">Dépôt général de la marine.</subfield>
</datafield>
<datafield ind1=" " ind2="0" tag="830">
<subfield code="a">Harvard Map Collection digital maps.</subfield>
<subfield code="p">Martinique.</subfield>
<subfield code="5">net</subfield>
</datafield>
<datafield ind1=" " ind2=" " tag="OWN">
<subfield code="a">MAP</subfield>
</datafield>
<datafield ind1=" " ind2=" " tag="XPR">
<subfield code="a">OCLC</subfield>
<subfield code="b">20110816</subfield>
</datafield>
<datafield ind1=" " ind2=" " tag="H08">
<subfield code="a">c</subfield>
<subfield code="b">20110816</subfield>
</datafield>
<datafield ind1="0" ind2=" " tag="852">
<subfield code="b">MAP</subfield>
<subfield code="c">MAPLC</subfield>
<subfield code="h">G5080 1868</subfield>
<subfield code="i">.M6</subfield>
</datafield>
<datafield ind1=" " ind2=" " tag="H10">
<subfield code="a">O20110816^--^CA440</subfield>
<subfield code="c">20110816^000001^08^000001^p000001-00000-0000-000^F12^0000001^p0000001-000000-00000-0000^CA440</subfield>
<subfield code="e">I</subfield>
</datafield>
<datafield ind1=" " ind2=" " tag="OWN">
<subfield code="a">NET</subfield>
</datafield>
<datafield ind1="0" ind2=" " tag="506">
<subfield code="a">No restrictions on access copy.</subfield>
<subfield code="f">Unrestricted online access</subfield>
<subfield code="2">star</subfield>
<subfield code="5">MH</subfield>
</datafield>
<datafield ind1=" " ind2=" " tag="843">
<subfield code="a">Electronic reproduction.</subfield>
<subfield code="b">Cambridge, Mass. :</subfield>
<subfield code="c">Harvard Map Collection,</subfield>
<subfield code="d">2011.</subfield>
<subfield code="f">(Harvard Map Collection digital maps. Martinique).</subfield>
<subfield code="7">s2011^^^^maun^s</subfield>
</datafield>
<datafield ind1=" " ind2=" " tag="852">
<subfield code="b">NET</subfield>
<subfield code="c">GEN</subfield>
</datafield>
<datafield ind1="4" ind2="1" tag="856">
<subfield code="z">Harvard Map Collection copy image</subfield>
<subfield code="u">http://nrs.harvard.edu/urn-3:FHCL:5125249?buttons=y</subfield>
</datafield>
<datafield ind1=" " ind2=" " tag="H08">
<subfield code="a">c</subfield>
<subfield code="b">20111024</subfield>
</datafield>
<datafield ind1=" " ind2=" " tag="H09">
<subfield code="k">netmap</subfield>
</datafield>
<datafield ind1=" " ind2=" " tag="H10">
<subfield code="a">O20111024^^PMS78</subfield>
<subfield code="c">20111024^000000^10^000000^n000000-00000-0000-000^F12^0000000^n0000000-000000-00000-0000^PMS78</subfield>
</datafield>
</record>