
<?xml version="1.0" encoding="UTF-8"?>
<record xmlns="http://www.loc.gov/MARC21/slim" xmlns:xsi="http://www.w3.org/2001/XMLSchema-instance" xsi:schemaLocation="http://www.loc.gov/MARC21/slim   http://www.loc.gov/standards/marcxml/schema/MARC21slim.xsd">
<leader>     nem  2200193Ia 4500</leader>
<controlfield tag="001">010685926-9</controlfield>
<controlfield tag="005">20071102095610.0</controlfield>
<controlfield tag="008">070726s1779^^^^fr^de^^^^^a^^^^^0^^^fre^d</controlfield>
<datafield ind1="1" ind2=" " tag="034">
<subfield code="a">a</subfield>
<subfield code="b">84500</subfield>
</datafield>
<datafield ind1="0" ind2=" " tag="035">
<subfield code="a">ocn156997791</subfield>
</datafield>
<datafield ind1=" " ind2=" " tag="040">
<subfield code="a">HLS</subfield>
<subfield code="c">HLS</subfield>
</datafield>
<datafield ind1=" " ind2=" " tag="052">
<subfield code="a">5101</subfield>
</datafield>
<datafield ind1=" " ind2=" " tag="052">
<subfield code="a">4801</subfield>
</datafield>
<datafield ind1=" " ind2=" " tag="052">
<subfield code="a">3701</subfield>
</datafield>
<datafield ind1=" " ind2=" " tag="090">
<subfield code="a">G5101.S3 1779</subfield>
<subfield code="b">.R6</subfield>
</datafield>
<datafield ind1="1" ind2=" " tag="100">
<subfield code="a">Le Rouge, Georges-Louis.</subfield>
</datafield>
<datafield ind1="1" ind2="3" tag="245">
<subfield code="a">La Dominique située entre La Martinique et La Guadeloupe :</subfield>
<subfield code="b">conquise par M. le Mis. de Bouillé Marechal des camps et armées du Roi, le 7 Septembre 1778 /</subfield>
<subfield code="c">levée en 1773 traduite de l'Anglais.</subfield>
</datafield>
<datafield ind1=" " ind2=" " tag="255">
<subfield code="a">Scale [ca. 1:84,500].</subfield>
</datafield>
<datafield ind1=" " ind2=" " tag="260">
<subfield code="a">Paris :</subfield>
<subfield code="b">par le Rouge, Ingenieur Géographe du Roi,</subfield>
<subfield code="c">[1779]</subfield>
</datafield>
<datafield ind1=" " ind2=" " tag="300">
<subfield code="a">1 map ;</subfield>
<subfield code="c">61 x 47 cm.</subfield>
</datafield>
<datafield ind1=" " ind2=" " tag="530">
<subfield code="a">Available also as a digital image through the Harvard University Web site.</subfield>
</datafield>
<datafield ind1=" " ind2=" " tag="500">
<subfield code="a">Shows names of rivers, ports, and other points of interest.</subfield>
</datafield>
<datafield ind1=" " ind2=" " tag="500">
<subfield code="a">Relief shown by hachures. Depths shown by soundings.</subfield>
</datafield>
<datafield ind1=" " ind2=" " tag="500">
<subfield code="a">Prime meridians: London and Isle de Ferro.</subfield>
</datafield>
<datafield ind1=" " ind2=" " tag="530">
<subfield code="a">Available also as a digital image through the Harvard University Web site.</subfield>
</datafield>
<datafield ind1=" " ind2="0" tag="651">
<subfield code="a">Dominica</subfield>
<subfield code="x">History</subfield>
<subfield code="y">Revolution, 1775-1783</subfield>
<subfield code="v">Maps</subfield>
<subfield code="v">Early works to 1800.</subfield>
</datafield>
<datafield ind1=" " ind2="0" tag="651">
<subfield code="a">West Indies</subfield>
<subfield code="x">History</subfield>
<subfield code="y">Revolution, 1775-1783</subfield>
<subfield code="v">Maps</subfield>
<subfield code="v">Early works to 1800.</subfield>
</datafield>
<datafield ind1=" " ind2="0" tag="651">
<subfield code="a">United States</subfield>
<subfield code="x">History</subfield>
<subfield code="y">Revolution, 1775-1783</subfield>
<subfield code="v">Maps</subfield>
<subfield code="v">Early works to 1800.</subfield>
</datafield>
<datafield ind1="1" ind2="0" tag="600">
<subfield code="a">Bouillé, François-Claude-Amour,</subfield>
<subfield code="c">marquis de,</subfield>
<subfield code="d">1739-1800.</subfield>
</datafield>
<datafield ind1="1" ind2=" " tag="700">
<subfield code="a">Ebeling, Christophe Daniel,</subfield>
<subfield code="d">1741-1817.</subfield>
<subfield code="5">HLS</subfield>
</datafield>
<datafield ind1=" " ind2="0" tag="830">
<subfield code="a">Harvard Map Collection digital maps.</subfield>
<subfield code="p">Revolutionary War Maps.</subfield>
<subfield code="5">net</subfield>
</datafield>
<datafield ind1=" " ind2=" " tag="OWN">
<subfield code="a">MAP</subfield>
</datafield>
<datafield ind1="0" ind2=" " tag="079">
<subfield code="a">ocn156997791</subfield>
</datafield>
<datafield ind1="2" ind2=" " tag="079">
<subfield code="a">ocn646175474</subfield>
</datafield>
<datafield ind1=" " ind2=" " tag="561">
<subfield code="a">Christophe Daniel Ebeling Collection, no. 4991. Gift of Israel Thorndike, 1818.</subfield>
<subfield code="5">map</subfield>
</datafield>
<datafield ind1="0" ind2=" " tag="852">
<subfield code="b">MAP</subfield>
<subfield code="c">MAPLC</subfield>
<subfield code="h">G5101.S3 1779</subfield>
<subfield code="i">.R6</subfield>
</datafield>
<datafield ind1=" " ind2=" " tag="H08">
<subfield code="a">c</subfield>
<subfield code="b">20070726</subfield>
</datafield>
<datafield ind1=" " ind2=" " tag="562">
<subfield code="a">Pen-and-ink annotation by Christophe Daniel Ebeling.</subfield>
<subfield code="5">map</subfield>
</datafield>
<datafield ind1=" " ind2=" " tag="OWN">
<subfield code="a">NET</subfield>
</datafield>
<datafield ind1=" " ind2=" " tag="843">
<subfield code="a">Electronic reproduction.</subfield>
<subfield code="b">Cambridge, Mass. :</subfield>
<subfield code="c">Harvard College Library Digital Imaging Group,</subfield>
<subfield code="d">2007.</subfield>
<subfield code="f">Harvard Map Collection digital maps. Revolutionary War Maps.</subfield>
</datafield>
<datafield ind1=" " ind2=" " tag="852">
<subfield code="b">NET</subfield>
<subfield code="c">GEN</subfield>
</datafield>
<datafield ind1="4" ind2="1" tag="856">
<subfield code="z">Harvard Map Collection copy image</subfield>
<subfield code="u">http://nrs.harvard.edu/urn-3:FHCL:1192173?buttons=y</subfield>
</datafield>
<datafield ind1=" " ind2=" " tag="H08">
<subfield code="a">c</subfield>
<subfield code="b">20061013</subfield>
</datafield>
<datafield ind1=" " ind2=" " tag="H09">
<subfield code="k">netmap</subfield>
</datafield>
</record>