
<?xml version="1.0" encoding="UTF-8"?>
<record xmlns="http://www.loc.gov/MARC21/slim" xmlns:xsi="http://www.w3.org/2001/XMLSchema-instance" xsi:schemaLocation="http://www.loc.gov/MARC21/slim   http://www.loc.gov/standards/marcxml/schema/MARC21slim.xsd">
<leader>     nfm  2200193Ia 4500</leader>
<controlfield tag="001">010685401-1</controlfield>
<controlfield tag="005">20070726111812.0</controlfield>
<controlfield tag="008">070726s1780^^^^xx^d^^^^^^a^^^^^1^e^fre^d</controlfield>
<datafield ind1="0" ind2=" " tag="034">
<subfield code="a">a</subfield>
</datafield>
<datafield ind1="0" ind2=" " tag="035">
<subfield code="a">ocn156992588</subfield>
</datafield>
<datafield ind1=" " ind2=" " tag="040">
<subfield code="a">HLS</subfield>
<subfield code="c">HLS</subfield>
</datafield>
<datafield ind1=" " ind2=" " tag="052">
<subfield code="a">5101</subfield>
</datafield>
<datafield ind1=" " ind2=" " tag="052">
<subfield code="a">4801</subfield>
</datafield>
<datafield ind1=" " ind2=" " tag="052">
<subfield code="a">3701</subfield>
</datafield>
<datafield ind1=" " ind2=" " tag="090">
<subfield code="a">G5101.S3 1780</subfield>
<subfield code="b">.E2</subfield>
</datafield>
<datafield ind1="1" ind2=" " tag="100">
<subfield code="a">Ebeling, Christophe Daniel,</subfield>
<subfield code="d">1741-1817.</subfield>
</datafield>
<datafield ind1="1" ind2="0" tag="245">
<subfield code="a">Plan du debarquement et de l'attaque des forts et batteries de l'Isle de Dominique le 7 Septembre 1778.</subfield>
</datafield>
<datafield ind1=" " ind2=" " tag="255">
<subfield code="a">Scale not given.</subfield>
</datafield>
<datafield ind1=" " ind2=" " tag="260">
<subfield code="c">[1780?]</subfield>
</datafield>
<datafield ind1=" " ind2=" " tag="300">
<subfield code="a">1 ms. map :</subfield>
<subfield code="b">hand col. ;</subfield>
<subfield code="c">23 x 18 cm., on sheet 36 x 31 cm.</subfield>
</datafield>
<datafield ind1=" " ind2=" " tag="500">
<subfield code="a">Pen-and-ink with watercolors.</subfield>
</datafield>
<datafield ind1=" " ind2=" " tag="500">
<subfield code="a">Likely copied by C.D. Ebeling.</subfield>
</datafield>
<datafield ind1=" " ind2=" " tag="500">
<subfield code="a">"Le plan de cette carte est tiré du West-India atlas".</subfield>
</datafield>
<datafield ind1=" " ind2=" " tag="500">
<subfield code="a">On verso: Martinique et autres Antilles françoises.</subfield>
</datafield>
<datafield ind1=" " ind2=" " tag="500">
<subfield code="a">Shows fortifications on the coast line.</subfield>
</datafield>
<datafield ind1=" " ind2=" " tag="500">
<subfield code="a">Relief shown by hachures.</subfield>
</datafield>
<datafield ind1=" " ind2=" " tag="500">
<subfield code="a">Includes index.</subfield>
</datafield>
<datafield ind1=" " ind2=" " tag="530">
<subfield code="a">Available also as a digital image through the Harvard University Web site.</subfield>
</datafield>
<datafield ind1=" " ind2="0" tag="651">
<subfield code="a">Dominica</subfield>
<subfield code="x">History</subfield>
<subfield code="y">Revolution, 1775-1783</subfield>
<subfield code="v">Maps, Manuscript</subfield>
<subfield code="v">Early works to 1800.</subfield>
</datafield>
<datafield ind1=" " ind2="0" tag="651">
<subfield code="a">West Indies</subfield>
<subfield code="x">History</subfield>
<subfield code="y">Revolution, 1775-1783</subfield>
<subfield code="v">Maps, Manuscript</subfield>
<subfield code="v">Early works to 1800.</subfield>
</datafield>
<datafield ind1=" " ind2="0" tag="651">
<subfield code="a">United States</subfield>
<subfield code="x">History</subfield>
<subfield code="y">Revolution, 1775-1783</subfield>
<subfield code="v">Maps, Manuscript</subfield>
<subfield code="v">Early works to 1800.</subfield>
</datafield>
<datafield ind1="1" ind2=" " tag="700">
<subfield code="a">Jefferys, Thomas,</subfield>
<subfield code="d">-1771.</subfield>
<subfield code="t">West-India atlas.</subfield>
</datafield>
<datafield ind1=" " ind2="0" tag="830">
<subfield code="a">Harvard Map Collection digital maps.</subfield>
<subfield code="p">Revolutionary War Maps.</subfield>
<subfield code="5">net</subfield>
</datafield>
<datafield ind1=" " ind2=" " tag="OWN">
<subfield code="a">MAP</subfield>
</datafield>
<datafield ind1="0" ind2=" " tag="079">
<subfield code="a">ocn156992588</subfield>
</datafield>
<datafield ind1="2" ind2=" " tag="079">
<subfield code="a">ocn646175471</subfield>
</datafield>
<datafield ind1=" " ind2=" " tag="561">
<subfield code="a">Christophe Daniel Ebeling Collection, no. 4994. Gift of Israel Thorndike, 1818.</subfield>
<subfield code="5">map</subfield>
</datafield>
<datafield ind1="0" ind2=" " tag="852">
<subfield code="b">MAP</subfield>
<subfield code="c">MAPLC</subfield>
<subfield code="h">G5101.S3 1780</subfield>
<subfield code="i">.E2</subfield>
</datafield>
<datafield ind1=" " ind2=" " tag="H08">
<subfield code="a">c</subfield>
<subfield code="b">20070726</subfield>
</datafield>
<datafield ind1=" " ind2=" " tag="OWN">
<subfield code="a">NET</subfield>
</datafield>
<datafield ind1=" " ind2=" " tag="843">
<subfield code="a">Electronic reproduction.</subfield>
<subfield code="b">Cambridge, Mass. :</subfield>
<subfield code="c">Harvard College Library Digital Imaging Group,</subfield>
<subfield code="d">2007.</subfield>
<subfield code="f">Harvard Map Collection digital maps. Revolutionary War Maps.</subfield>
</datafield>
<datafield ind1=" " ind2=" " tag="852">
<subfield code="b">NET</subfield>
<subfield code="c">GEN</subfield>
</datafield>
<datafield ind1="4" ind2="1" tag="856">
<subfield code="z">Harvard Map Collection copy image</subfield>
<subfield code="u">http://nrs.harvard.edu/urn-3:FHCL:1187898?buttons=y</subfield>
</datafield>
<datafield ind1=" " ind2=" " tag="H08">
<subfield code="a">c</subfield>
<subfield code="b">20061013</subfield>
</datafield>
<datafield ind1=" " ind2=" " tag="H09">
<subfield code="k">netmap</subfield>
</datafield>
</record>