
<?xml version="1.0" encoding="UTF-8"?>
<record xmlns="http://www.loc.gov/MARC21/slim" xmlns:xsi="http://www.w3.org/2001/XMLSchema-instance" xsi:schemaLocation="http://www.loc.gov/MARC21/slim   http://www.loc.gov/standards/marcxml/schema/MARC21slim.xsd">
<leader>     nea  2200193Ia 4500</leader>
<controlfield tag="001">012844156-9</controlfield>
<controlfield tag="005">20140506104729.0</controlfield>
<controlfield tag="008">060405s1760^^^^enkde^^^^^a^^^^^0^^^eng^d</controlfield>
<datafield ind1="1" ind2=" " tag="034">
<subfield code="a">a</subfield>
<subfield code="b">3800</subfield>
<subfield code="d">W0614400</subfield>
<subfield code="e">W0614400</subfield>
<subfield code="f">N0120400</subfield>
<subfield code="g">N0120400</subfield>
</datafield>
<datafield ind1="0" ind2=" " tag="035">
<subfield code="a">ocn879521231</subfield>
</datafield>
<datafield ind1=" " ind2=" " tag="052">
<subfield code="a">5130</subfield>
</datafield>
<datafield ind1=" " ind2=" " tag="052">
<subfield code="a">5134</subfield>
<subfield code="b">S3</subfield>
</datafield>
<datafield ind1=" " ind2=" " tag="090">
<subfield code="a">G5134.S3 1760</subfield>
<subfield code="b">.C3</subfield>
</datafield>
<datafield ind1="1" ind2=" " tag="100">
<subfield code="a">Caylus, Anne Claude Philippe,</subfield>
<subfield code="c">comte de,</subfield>
<subfield code="d">1692-1765.</subfield>
</datafield>
<datafield ind1="1" ind2="0" tag="245">
<subfield code="a">Plan of the town and fort of Grenada /</subfield>
<subfield code="c">by Mr. de Caylus, engineer general of the French islands ; T. Jefferys sculp.</subfield>
</datafield>
<datafield ind1="3" ind2=" " tag="246">
<subfield code="a">Plan of the town and fort of Grenada</subfield>
</datafield>
<datafield ind1=" " ind2=" " tag="255">
<subfield code="a">Scale [ca. 1:3,800].</subfield>
</datafield>
<datafield ind1=" " ind2=" " tag="260">
<subfield code="a">[London :</subfield>
<subfield code="b">T. Jefferys,</subfield>
<subfield code="c">1760].</subfield>
</datafield>
<datafield ind1=" " ind2=" " tag="300">
<subfield code="a">1 map ;</subfield>
<subfield code="c">31 x 23 cm., on sheet 57 x 5 cm.</subfield>
</datafield>
<datafield ind1=" " ind2=" " tag="500">
<subfield code="a">Relief shown by hachures; depths by soundings.</subfield>
</datafield>
<datafield ind1=" " ind2=" " tag="500">
<subfield code="a">Shows buildings, fortifications, etc.</subfield>
</datafield>
<datafield ind1=" " ind2=" " tag="500">
<subfield code="a">Inset: The isle of Grenada.</subfield>
</datafield>
<datafield ind1=" " ind2=" " tag="500">
<subfield code="a">From: Natural and civil history of the French dominions in North and South America. London : Printed for T. Jefferys, 1760. (pt. 2, facing p. 156).</subfield>
</datafield>
<datafield ind1=" " ind2=" " tag="530">
<subfield code="a">Also available online.</subfield>
</datafield>
<datafield ind1=" " ind2="0" tag="651">
<subfield code="a">Grenada</subfield>
<subfield code="x">Maps</subfield>
<subfield code="v">Early works to 1800.</subfield>
</datafield>
<datafield ind1=" " ind2="0" tag="650">
<subfield code="a">Harbors</subfield>
<subfield code="z">Grenada</subfield>
<subfield code="z">Saint George's</subfield>
<subfield code="x">Maps</subfield>
<subfield code="v">Early works to 1800.</subfield>
</datafield>
<datafield ind1=" " ind2="0" tag="651">
<subfield code="a">Saint George's (Grenada)</subfield>
<subfield code="x">Maps</subfield>
<subfield code="v">Early works to 1800.</subfield>
</datafield>
<datafield ind1=" " ind2="0" tag="650">
<subfield code="a">Nautical charts</subfield>
<subfield code="z">Grenada</subfield>
<subfield code="z">Saint George's</subfield>
<subfield code="v">Early works to 1800.</subfield>
</datafield>
<datafield ind1=" " ind2="7" tag="655">
<subfield code="a">Maps.</subfield>
<subfield code="2">lcgft.</subfield>
</datafield>
<datafield ind1=" " ind2="7" tag="655">
<subfield code="a">Nautical charts.</subfield>
<subfield code="2">lcgft.</subfield>
</datafield>
<datafield ind1=" " ind2="7" tag="655">
<subfield code="a">Early maps.</subfield>
<subfield code="2">lcgft.</subfield>
</datafield>
<datafield ind1="1" ind2=" " tag="700">
<subfield code="a">Jefferys, Thomas,</subfield>
<subfield code="d">-1771.</subfield>
</datafield>
<datafield ind1="1" ind2=" " tag="700">
<subfield code="a">Jefferys, Thomas,</subfield>
<subfield code="d">-1771.</subfield>
<subfield code="t">Natural and civil history of the French dominions in North and South America.</subfield>
</datafield>
<datafield ind1="0" ind2="2" tag="740">
<subfield code="a">Isle of Grenada.</subfield>
</datafield>
<datafield ind1=" " ind2="0" tag="830">
<subfield code="a">Harvard Map Collection digital maps.</subfield>
<subfield code="p">Grenada.</subfield>
<subfield code="5">net</subfield>
</datafield>
<datafield ind1=" " ind2="0" tag="830">
<subfield code="a">Harvard Map Collection digital maps.</subfield>
<subfield code="p">Grenada.</subfield>
<subfield code="p">Saint George's</subfield>
<subfield code="5">net</subfield>
</datafield>
<datafield ind1=" " ind2=" " tag="OWN">
<subfield code="a">MAP</subfield>
</datafield>
<datafield ind1=" " ind2=" " tag="XPR">
<subfield code="a">OCLC</subfield>
<subfield code="b">20110802</subfield>
</datafield>
<datafield ind1="0" ind2=" " tag="079">
<subfield code="a">ocn879521231</subfield>
</datafield>
<datafield ind1="2" ind2=" " tag="079">
<subfield code="a">ocn879539070</subfield>
</datafield>
<datafield ind1=" " ind2=" " tag="H08">
<subfield code="a">c</subfield>
<subfield code="b">20110802</subfield>
</datafield>
<datafield ind1="0" ind2=" " tag="852">
<subfield code="b">MAP</subfield>
<subfield code="c">MAPLC</subfield>
<subfield code="h">G5134.S3 1760</subfield>
<subfield code="i">.C3</subfield>
</datafield>
<datafield ind1=" " ind2=" " tag="H10">
<subfield code="a">O20110802^--^CA440</subfield>
<subfield code="c">20110802^000001^08^000001^p000001-00000-0000-000^F12^0000001^p0000001-000000-00000-0000^CA440</subfield>
<subfield code="e">I</subfield>
</datafield>
<datafield ind1=" " ind2=" " tag="OWN">
<subfield code="a">NET</subfield>
</datafield>
<datafield ind1="0" ind2=" " tag="506">
<subfield code="a">No restrictions on access copy.</subfield>
<subfield code="f">Unrestricted online access</subfield>
<subfield code="2">star</subfield>
<subfield code="5">MH</subfield>
</datafield>
<datafield ind1=" " ind2=" " tag="843">
<subfield code="a">Electronic reproduction.</subfield>
<subfield code="b">Cambridge, Mass. :</subfield>
<subfield code="c">Harvard Map Collection,</subfield>
<subfield code="d">2011.</subfield>
<subfield code="f">(Harvard Map Collection digital maps. Grenada).</subfield>
<subfield code="f">(Harvard Map Collection digital maps. Grenada. Saint George's).</subfield>
<subfield code="7">s2011^^^^maun^s</subfield>
</datafield>
<datafield ind1=" " ind2=" " tag="852">
<subfield code="b">NET</subfield>
<subfield code="c">GEN</subfield>
</datafield>
<datafield ind1="4" ind2="1" tag="856">
<subfield code="z">Harvard Map Collection copy image</subfield>
<subfield code="u">http://nrs.harvard.edu/urn-3:FHCL:5110734?buttons=y</subfield>
</datafield>
<datafield ind1=" " ind2=" " tag="H08">
<subfield code="a">c</subfield>
<subfield code="b">20110825</subfield>
</datafield>
<datafield ind1=" " ind2=" " tag="H09">
<subfield code="k">netmap</subfield>
</datafield>
<datafield ind1=" " ind2=" " tag="H10">
<subfield code="a">O20110825^^CAS95</subfield>
<subfield code="c">20110825^000000^08^000000^n000000-00000-0000-000^F12^0000000^n0000000-000000-00000-0000^CAS95</subfield>
</datafield>
</record>