
<?xml version="1.0" encoding="UTF-8"?>
<record xmlns="http://www.loc.gov/MARC21/slim" xmlns:xsi="http://www.w3.org/2001/XMLSchema-instance" xsi:schemaLocation="http://www.loc.gov/MARC21/slim   http://www.loc.gov/standards/marcxml/schema/MARC21slim.xsd">
<leader>     cem  2200193Ia 4500</leader>
<controlfield tag="001">012839878-7</controlfield>
<controlfield tag="005">20110805195739.0</controlfield>
<controlfield tag="008">030730s1722^^^^enki^^^^^^a^^^^^0^^^eng^d</controlfield>
<datafield ind1="1" ind2=" " tag="034">
<subfield code="a">a</subfield>
<subfield code="b">33000</subfield>
</datafield>
<datafield ind1="0" ind2=" " tag="035">
<subfield code="a">ocm54637915</subfield>
</datafield>
<datafield ind1=" " ind2=" " tag="040">
<subfield code="a">YUS</subfield>
<subfield code="c">YUS</subfield>
<subfield code="d">OCLCQ</subfield>
<subfield code="d">OCLCG</subfield>
</datafield>
<datafield ind1=" " ind2=" " tag="043">
<subfield code="a">nwbb---</subfield>
</datafield>
<datafield ind1=" " ind2=" " tag="052">
<subfield code="a">5140</subfield>
</datafield>
<datafield ind1=" " ind2=" " tag="090">
<subfield code="a">G5140 1722</subfield>
<subfield code="b">.M3</subfield>
</datafield>
<datafield ind1="1" ind2=" " tag="100">
<subfield code="a">Mayo, William.</subfield>
</datafield>
<datafield ind1="1" ind2="2" tag="245">
<subfield code="a">A new &amp; exact map of the island of Barbadoes in America :</subfield>
<subfield code="b">according to an actual &amp; accurate survey made in the years 1717 to 1721, approved by the Royal Society &amp; authorized by His Majesty's royal licence /</subfield>
<subfield code="c">by William Mayo ; engrav'd by Iohn Senex.</subfield>
</datafield>
<datafield ind1="3" ind2=" " tag="246">
<subfield code="a">New and exact map of the island of Barbadoes in America</subfield>
</datafield>
<datafield ind1=" " ind2=" " tag="255">
<subfield code="a">Scale [ca. 1:33,000].</subfield>
</datafield>
<datafield ind1=" " ind2=" " tag="260">
<subfield code="a">[London :</subfield>
<subfield code="b">s.n.,</subfield>
<subfield code="c">1722]</subfield>
</datafield>
<datafield ind1=" " ind2=" " tag="300">
<subfield code="a">1 map on 4 sheets :</subfield>
<subfield code="b">hand col. ;</subfield>
<subfield code="c">94 x 110 cm., sheets 56 x 77 cm.</subfield>
</datafield>
<datafield ind1=" " ind2=" " tag="500">
<subfield code="a">Relief shown pictorially.</subfield>
</datafield>
<datafield ind1=" " ind2=" " tag="500">
<subfield code="a">Hand colored.</subfield>
</datafield>
<datafield ind1=" " ind2=" " tag="500">
<subfield code="a">Cartouche with dedication to: The most high, puissant &amp; noble prince, Iames Bruges, Duke of Chandos.</subfield>
</datafield>
<datafield ind1=" " ind2=" " tag="500">
<subfield code="a">Cartouche, "Explanation," includes "Contents of the parishes."</subfield>
</datafield>
<datafield ind1=" " ind2=" " tag="500">
<subfield code="a">Illustration shows surveyors at work and a windmill.</subfield>
</datafield>
<datafield ind1=" " ind2=" " tag="500">
<subfield code="a">Insets: A plan of the Bridge town; A prospect of Codrington College &amp;c.</subfield>
</datafield>
<datafield ind1=" " ind2="0" tag="651">
<subfield code="a">Barbados</subfield>
<subfield code="v">Maps</subfield>
<subfield code="v">Early works to 1800.</subfield>
</datafield>
<datafield ind1=" " ind2="7" tag="655">
<subfield code="a">Maps.</subfield>
<subfield code="2">lcgft.</subfield>
</datafield>
<datafield ind1=" " ind2="7" tag="655">
<subfield code="a">Early maps.</subfield>
<subfield code="2">lcgft.</subfield>
</datafield>
<datafield ind1="1" ind2=" " tag="700">
<subfield code="a">Senex, John,</subfield>
<subfield code="d">-1740.</subfield>
</datafield>
<datafield ind1="1" ind2=" " tag="700">
<subfield code="a">Chandos, James Brydges,</subfield>
<subfield code="c">Duke of,</subfield>
<subfield code="d">1674-1744.</subfield>
</datafield>
<datafield ind1=" " ind2="0" tag="830">
<subfield code="a">Harvard Map Collection digital maps.</subfield>
<subfield code="p">Barbados.</subfield>
<subfield code="5">net</subfield>
</datafield>
<datafield ind1=" " ind2=" " tag="OWN">
<subfield code="a">MAP</subfield>
</datafield>
<datafield ind1=" " ind2=" " tag="XPR">
<subfield code="a">OCLC</subfield>
<subfield code="b">20110728</subfield>
</datafield>
<datafield ind1="0" ind2=" " tag="079">
<subfield code="a">ocm54637915</subfield>
</datafield>
<datafield ind1="2" ind2=" " tag="079">
<subfield code="a">ocn904902635</subfield>
</datafield>
<datafield ind1=" " ind2=" " tag="H08">
<subfield code="a">c</subfield>
<subfield code="b">20110728</subfield>
</datafield>
<datafield ind1=" " ind2=" " tag="561">
<subfield code="a">Christophe Daniel Ebeling Collection, no. 4995. Gift of Israel Thorndike, 1818.</subfield>
<subfield code="5">map</subfield>
</datafield>
<datafield ind1="0" ind2=" " tag="852">
<subfield code="b">MAP</subfield>
<subfield code="c">MAPLC</subfield>
<subfield code="h">G5140 1722</subfield>
<subfield code="i">.M3</subfield>
</datafield>
<datafield ind1=" " ind2=" " tag="H10">
<subfield code="a">M20110728^--^CA440</subfield>
<subfield code="c">20110728^000004^07^000004^p000004-00000-0000-000^F12^0000004^p0000004-000000-00000-0000^CA440</subfield>
<subfield code="e">M</subfield>
</datafield>
</record>