
<?xml version="1.0" encoding="UTF-8"?>
<record xmlns="http://www.loc.gov/MARC21/slim" xmlns:xsi="http://www.w3.org/2001/XMLSchema-instance" xsi:schemaLocation="http://www.loc.gov/MARC21/slim   http://www.loc.gov/standards/marcxml/schema/MARC21slim.xsd">
<leader>     nea  2200193Ia 4500</leader>
<controlfield tag="001">012855629-3</controlfield>
<controlfield tag="005">20140626130411.0</controlfield>
<controlfield tag="008">020212s1732^^^^enki^^^^^^a^^^^^0^^^eng^d</controlfield>
<datafield ind1="1" ind2=" " tag="034">
<subfield code="a">a</subfield>
<subfield code="b">85000</subfield>
<subfield code="d">-059.666667</subfield>
<subfield code="e">-059.400000</subfield>
<subfield code="f">013.350000</subfield>
<subfield code="g">013.016667</subfield>
</datafield>
<datafield ind1="0" ind2=" " tag="035">
<subfield code="a">ocn882180262</subfield>
</datafield>
<datafield ind1=" " ind2=" " tag="052">
<subfield code="a">5140</subfield>
</datafield>
<datafield ind1=" " ind2=" " tag="090">
<subfield code="a">G5140 1732</subfield>
<subfield code="b">.M6</subfield>
</datafield>
<datafield ind1="1" ind2=" " tag="100">
<subfield code="a">Moll, Herman,</subfield>
<subfield code="d">-1732.</subfield>
</datafield>
<datafield ind1="1" ind2="4" tag="245">
<subfield code="a">The island of Barbadoes :</subfield>
<subfield code="b">divided into its parishes, with the roads, paths, &amp;c. according to an actual and accurate survey /</subfield>
<subfield code="c">by H. Moll, geographer.</subfield>
</datafield>
<datafield ind1=" " ind2=" " tag="255">
<subfield code="a">Scale [ca. 1:85,000]</subfield>
<subfield code="c">(W 59⁰40ʹ00ʺ--W 59⁰24ʹ00ʺ/N 13⁰21ʹ00ʺ--N 13⁰01ʹ00ʺ).</subfield>
</datafield>
<datafield ind1=" " ind2=" " tag="260">
<subfield code="a">[London] :</subfield>
<subfield code="b">Printed and sold by Tho. Bowles, next ye Chapter House in St. Pauls Church yard &amp; I. Bowles at the Black Horse in Cornhill,</subfield>
<subfield code="c">[1732]</subfield>
</datafield>
<datafield ind1=" " ind2=" " tag="300">
<subfield code="a">1 map ;</subfield>
<subfield code="c">29 x 36 cm.</subfield>
</datafield>
<datafield ind1=" " ind2=" " tag="530">
<subfield code="a">Also available online.</subfield>
</datafield>
<datafield ind1=" " ind2=" " tag="500">
<subfield code="a">Relief shown pictorially.</subfield>
</datafield>
<datafield ind1=" " ind2=" " tag="500">
<subfield code="a">"59" in upper rith corner.</subfield>
</datafield>
<datafield ind1=" " ind2=" " tag="500">
<subfield code="a">Shows churches, forts, plantations, windmills, submerged rocks, etc.</subfield>
</datafield>
<datafield ind1=" " ind2=" " tag="500">
<subfield code="a">Includes table of areas of parishes and geographical note.</subfield>
</datafield>
<datafield ind1=" " ind2=" " tag="500">
<subfield code="a">Oriented with north toward left.</subfield>
</datafield>
<datafield ind1=" " ind2=" " tag="500">
<subfield code="a">Bar scale given in "English miles 60 to a degree."</subfield>
</datafield>
<datafield ind1=" " ind2=" " tag="500">
<subfield code="a">Appears in Herman Moll's Atlas minor. ... London : Thomas Bowles and John Bowles, [1736].</subfield>
</datafield>
<datafield ind1=" " ind2="0" tag="651">
<subfield code="a">Barbados</subfield>
<subfield code="x">Administrative and political divisions</subfield>
<subfield code="x">Maps</subfield>
<subfield code="v">Early works to 1800.</subfield>
</datafield>
<datafield ind1=" " ind2="0" tag="651">
<subfield code="a">Barbados</subfield>
<subfield code="x">Maps</subfield>
<subfield code="v">Early works to 1800.</subfield>
</datafield>
<datafield ind1=" " ind2="7" tag="655">
<subfield code="a">Maps.</subfield>
<subfield code="2">lcgft.</subfield>
</datafield>
<datafield ind1=" " ind2="7" tag="655">
<subfield code="a">Early maps.</subfield>
<subfield code="2">lcgft.</subfield>
</datafield>
<datafield ind1=" " ind2="7" tag="655">
<subfield code="a">Maps</subfield>
<subfield code="z">Barbados</subfield>
<subfield code="y">1736.</subfield>
<subfield code="2">lctgm</subfield>
</datafield>
<datafield ind1="1" ind2=" " tag="700">
<subfield code="a">Bowles, John,</subfield>
<subfield code="d">1701-1779.</subfield>
</datafield>
<datafield ind1="1" ind2=" " tag="700">
<subfield code="a">Bowles, Thomas,</subfield>
<subfield code="d">-1767.</subfield>
</datafield>
<datafield ind1="1" ind2=" " tag="700">
<subfield code="a">Moll, Herman,</subfield>
<subfield code="d">-1732.</subfield>
<subfield code="t">Atlas minor.</subfield>
</datafield>
<datafield ind1=" " ind2="0" tag="830">
<subfield code="a">Harvard Map Collection digital maps.</subfield>
<subfield code="p">Barbados.</subfield>
<subfield code="5">net</subfield>
</datafield>
<datafield ind1=" " ind2=" " tag="OWN">
<subfield code="a">MAP</subfield>
</datafield>
<datafield ind1=" " ind2=" " tag="XPR">
<subfield code="a">OCLC</subfield>
<subfield code="b">20110816</subfield>
</datafield>
<datafield ind1="0" ind2=" " tag="079">
<subfield code="a">ocn882180262</subfield>
</datafield>
<datafield ind1="2" ind2=" " tag="079">
<subfield code="a">ocn882446307</subfield>
</datafield>
<datafield ind1=" " ind2=" " tag="H08">
<subfield code="a">c</subfield>
<subfield code="b">20110816</subfield>
</datafield>
<datafield ind1="0" ind2=" " tag="852">
<subfield code="b">MAP</subfield>
<subfield code="c">MAPLC</subfield>
<subfield code="h">G5140 1732</subfield>
<subfield code="i">.M6</subfield>
</datafield>
<datafield ind1=" " ind2=" " tag="H10">
<subfield code="a">M20110816^--^CA440</subfield>
<subfield code="c">20110816^000001^08^000001^p000001-00000-0000-000^F12^0000001^p0000001-000000-00000-0000^CA440</subfield>
<subfield code="e">I</subfield>
</datafield>
<datafield ind1=" " ind2=" " tag="OWN">
<subfield code="a">NET</subfield>
</datafield>
<datafield ind1="0" ind2=" " tag="506">
<subfield code="a">No restrictions on access copy.</subfield>
<subfield code="f">Unrestricted online access</subfield>
<subfield code="2">star</subfield>
<subfield code="5">MH</subfield>
</datafield>
<datafield ind1=" " ind2=" " tag="843">
<subfield code="a">Electronic reproduction.</subfield>
<subfield code="b">Cambridge, Mass. :</subfield>
<subfield code="c">Harvard Map Collection,</subfield>
<subfield code="d">2011.</subfield>
<subfield code="f">(Harvard Map Collection digital maps. Barbados).</subfield>
<subfield code="7">s2011^^^^maun^s</subfield>
</datafield>
<datafield ind1=" " ind2=" " tag="852">
<subfield code="b">NET</subfield>
<subfield code="c">GEN</subfield>
</datafield>
<datafield ind1="4" ind2="1" tag="856">
<subfield code="z">Harvard Map Collection copy image</subfield>
<subfield code="u">http://nrs.harvard.edu/urn-3:FHCL:5125255?buttons=y</subfield>
</datafield>
<datafield ind1=" " ind2=" " tag="H08">
<subfield code="a">c</subfield>
<subfield code="b">20111024</subfield>
</datafield>
<datafield ind1=" " ind2=" " tag="H09">
<subfield code="k">netmap</subfield>
</datafield>
<datafield ind1=" " ind2=" " tag="H10">
<subfield code="a">O20111024^^PMS78</subfield>
<subfield code="c">20111024^000000^10^000000^n000000-00000-0000-000^F12^0000000^n0000000-000000-00000-0000^PMS78</subfield>
</datafield>
</record>