
<?xml version="1.0" encoding="UTF-8"?>
<record xmlns="http://www.loc.gov/MARC21/slim" xmlns:xsi="http://www.w3.org/2001/XMLSchema-instance" xsi:schemaLocation="http://www.loc.gov/MARC21/slim   http://www.loc.gov/standards/marcxml/schema/MARC21slim.xsd">
<leader>     cem  2200193Ia 4500</leader>
<controlfield tag="001">012850473-0</controlfield>
<controlfield tag="005">20110902193855.0</controlfield>
<controlfield tag="008">980521s1758^^^^fr^db^^^^^a^^^^^0^^^fre^d</controlfield>
<datafield ind1="1" ind2=" " tag="034">
<subfield code="a">a</subfield>
<subfield code="b">85000</subfield>
<subfield code="d">W0594000</subfield>
<subfield code="e">W0592400</subfield>
<subfield code="f">N0132100</subfield>
<subfield code="g">N0130200</subfield>
</datafield>
<datafield ind1="0" ind2=" " tag="035">
<subfield code="a">ocm78383277</subfield>
</datafield>
<datafield ind1=" " ind2=" " tag="040">
<subfield code="a">FUG</subfield>
<subfield code="c">FUG</subfield>
<subfield code="d">FUG</subfield>
</datafield>
<datafield ind1=" " ind2="4" tag="050">
<subfield code="a">G5140 1758</subfield>
<subfield code="b">.B4</subfield>
</datafield>
<datafield ind1=" " ind2=" " tag="052">
<subfield code="a">5140</subfield>
</datafield>
<datafield ind1="1" ind2=" " tag="100">
<subfield code="a">Bellin, Jacques Nicolas,</subfield>
<subfield code="d">1703-1772.</subfield>
</datafield>
<datafield ind1="1" ind2="0" tag="245">
<subfield code="a">Carte de L'Isle de La Barbade :</subfield>
<subfield code="b">avec une description geographique de cette isle.</subfield>
</datafield>
<datafield ind1=" " ind2=" " tag="255">
<subfield code="a">Scale [ca. 1:85,000] ;</subfield>
<subfield code="c">(W 59°40'--W 59°24'/N 13°21'--N 13°02').</subfield>
</datafield>
<datafield ind1=" " ind2=" " tag="260">
<subfield code="a">Paris :</subfield>
<subfield code="b">[Didot],</subfield>
<subfield code="c">1758.</subfield>
</datafield>
<datafield ind1=" " ind2=" " tag="300">
<subfield code="a">1 map :</subfield>
<subfield code="c">54 x 39 cm. on sheet 64 x 47 cm.</subfield>
</datafield>
<datafield ind1=" " ind2=" " tag="500">
<subfield code="a">Relief shown by hachures and shading.</subfield>
</datafield>
<datafield ind1=" " ind2=" " tag="500">
<subfield code="a">Prime meridians: Paris and London.</subfield>
</datafield>
<datafield ind1=" " ind2=" " tag="500">
<subfield code="a">From: Description Geographique des Isles Antilles possédés par les anglois. No. 7.</subfield>
</datafield>
<datafield ind1=" " ind2=" " tag="500">
<subfield code="a">"Dressee au Depost ds cartes et plans de la marine. Pour le service des vaisseaux du Roy. Par ordre de M. de Massiac Lieutenant General des Armees Navales..."</subfield>
</datafield>
<datafield ind1="4" ind2=" " tag="510">
<subfield code="a">Philips,</subfield>
<subfield code="c">3940.</subfield>
</datafield>
<datafield ind1=" " ind2=" " tag="530">
<subfield code="a">Also available online.</subfield>
</datafield>
<datafield ind1=" " ind2="0" tag="651">
<subfield code="a">Barbados</subfield>
<subfield code="x">Maps</subfield>
<subfield code="v">Early works to 1800.</subfield>
</datafield>
<datafield ind1=" " ind2="7" tag="655">
<subfield code="a">Maps.</subfield>
<subfield code="2">lcgft.</subfield>
</datafield>
<datafield ind1=" " ind2="7" tag="655">
<subfield code="a">Early maps.</subfield>
<subfield code="2">lcgft.</subfield>
</datafield>
<datafield ind1="1" ind2=" " tag="700">
<subfield code="a">Bellin, Jacques Nicolas,</subfield>
<subfield code="d">1703-1772.</subfield>
<subfield code="t">Description Geographique des Isles Antilles.</subfield>
</datafield>
<datafield ind1=" " ind2="0" tag="830">
<subfield code="a">Harvard Map Collection digital maps.</subfield>
<subfield code="p">Barbados.</subfield>
<subfield code="5">net</subfield>
</datafield>
<datafield ind1=" " ind2=" " tag="OWN">
<subfield code="a">NET</subfield>
</datafield>
<datafield ind1="0" ind2=" " tag="506">
<subfield code="a">No restrictions on access copy.</subfield>
<subfield code="f">Unrestricted online access</subfield>
<subfield code="2">star</subfield>
<subfield code="5">MH</subfield>
</datafield>
<datafield ind1=" " ind2=" " tag="843">
<subfield code="a">Electronic reproduction.</subfield>
<subfield code="b">Cambridge, Mass. :</subfield>
<subfield code="c">Harvard Map Collection,</subfield>
<subfield code="d">2011.</subfield>
<subfield code="f">(Harvard Map Collection digital maps. Barbados).</subfield>
<subfield code="7">s2011^^^^maun^s</subfield>
</datafield>
<datafield ind1=" " ind2=" " tag="852">
<subfield code="b">NET</subfield>
<subfield code="c">GEN</subfield>
</datafield>
<datafield ind1="4" ind2="1" tag="856">
<subfield code="z">Harvard Map Collection copy image</subfield>
<subfield code="u">http://nrs.harvard.edu/urn-3:FHCL:5110735?buttons=y</subfield>
</datafield>
<datafield ind1=" " ind2=" " tag="H08">
<subfield code="a">c</subfield>
<subfield code="b">20110825</subfield>
</datafield>
<datafield ind1=" " ind2=" " tag="H09">
<subfield code="k">netmap</subfield>
</datafield>
<datafield ind1=" " ind2=" " tag="H10">
<subfield code="a">O20110825^^CAS95</subfield>
<subfield code="c">20110825^000000^08^000000^n000000-00000-0000-000^F12^0000000^n0000000-000000-00000-0000^CAS95</subfield>
</datafield>
<datafield ind1=" " ind2=" " tag="OWN">
<subfield code="a">MAP</subfield>
</datafield>
<datafield ind1=" " ind2=" " tag="XPR">
<subfield code="a">OCLC</subfield>
<subfield code="b">20110811</subfield>
</datafield>
<datafield ind1=" " ind2=" " tag="H08">
<subfield code="a">c</subfield>
<subfield code="b">20110811</subfield>
</datafield>
<datafield ind1="0" ind2=" " tag="852">
<subfield code="b">MAP</subfield>
<subfield code="c">MAPLC</subfield>
<subfield code="h">G5140 1758</subfield>
<subfield code="i">.B4</subfield>
</datafield>
<datafield ind1=" " ind2=" " tag="H10">
<subfield code="a">C20110811^--^CA440</subfield>
<subfield code="c">20110811^000001^08^000001^p000001-00000-0000-000^F12^0000001^p0000001-000000-00000-0000^CA440</subfield>
<subfield code="e">I</subfield>
</datafield>
<datafield ind1=" " ind2=" " tag="561">
<subfield code="a">Christophe Daniel Ebeling Collection, no. 4997. Gift of Israel Thorndike, 1818.</subfield>
<subfield code="5">map</subfield>
</datafield>
</record>