
<?xml version="1.0" encoding="UTF-8"?>
<record xmlns="http://www.loc.gov/MARC21/slim" xmlns:xsi="http://www.w3.org/2001/XMLSchema-instance" xsi:schemaLocation="http://www.loc.gov/MARC21/slim   http://www.loc.gov/standards/marcxml/schema/MARC21slim.xsd">
<leader>     nem  2200193Ia 4500</leader>
<controlfield tag="001">013738275-8</controlfield>
<controlfield tag="005">20130906105734.0</controlfield>
<controlfield tag="008">051107s1659^^^^ne^^^^^^^^a^^^^^0^^^dut^d</controlfield>
<datafield ind1="1" ind2=" " tag="034">
<subfield code="a">a</subfield>
<subfield code="b">15000000</subfield>
<subfield code="d">W0990200</subfield>
<subfield code="e">E0285500</subfield>
<subfield code="f">N0534700</subfield>
<subfield code="g">S0353600</subfield>
</datafield>
<datafield ind1="0" ind2=" " tag="035">
<subfield code="a">ocn854503325</subfield>
</datafield>
<datafield ind1=" " ind2=" " tag="040">
<subfield code="b">eng</subfield>
<subfield code="e">rda</subfield>
</datafield>
<datafield ind1=" " ind2="4" tag="050">
<subfield code="a">G9100 1659</subfield>
<subfield code="b">.D6</subfield>
</datafield>
<datafield ind1=" " ind2=" " tag="052">
<subfield code="a">9100</subfield>
</datafield>
<datafield ind1="1" ind2=" " tag="100">
<subfield code="a">Doncker, Hendrick,</subfield>
<subfield code="d">1626-1699,</subfield>
<subfield code="e">cartographer,</subfield>
<subfield code="e">printer,</subfield>
<subfield code="e">publisher.</subfield>
</datafield>
<datafield ind1="1" ind2="0" tag="245">
<subfield code="a">West-Indische paskaert :</subfield>
<subfield code="b">waer in de graden der breedde over weder zyden vande middellyn wassende soo vergroten dat die geproportioneert syn tegen hunne nevenstaende graden der lengde. Vertoonende behalvē Europaes zuydelijcste alle de Zeekusten van Africa en America begrepen in 't Octroy bij de H.M.H. State Generael der vereenichde Nederl., verleent aende Generale West Indische Compagnie. Mitsgaders die van Peru en Chili inde groote Zuyd Zee.</subfield>
</datafield>
<datafield ind1=" " ind2=" " tag="255">
<subfield code="a">Scale approximately 1:15,000,000</subfield>
<subfield code="c">(W 99°02ʹ00ʺ--E 28°55ʹ00ʺ/N 53°47ʹ00ʺ--S 35°36ʹ00ʺ).</subfield>
</datafield>
<datafield ind1=" " ind2="1" tag="264">
<subfield code="a">t'Amsterdam:</subfield>
<subfield code="b">by Hendrick Doncker, in de Nieubrugsteegh</subfield>
<subfield code="c">Ao. 1659</subfield>
</datafield>
<datafield ind1=" " ind2=" " tag="300">
<subfield code="a">1 map :</subfield>
<subfield code="b">hand color ;</subfield>
<subfield code="c">80 x98 cm</subfield>
</datafield>
<datafield ind1=" " ind2=" " tag="336">
<subfield code="a">cartographic image</subfield>
<subfield code="b">cri</subfield>
<subfield code="2">rdacontent</subfield>
</datafield>
<datafield ind1=" " ind2=" " tag="337">
<subfield code="a">unmediated</subfield>
<subfield code="b">n</subfield>
<subfield code="2">rdamedia</subfield>
</datafield>
<datafield ind1=" " ind2=" " tag="338">
<subfield code="a">sheet</subfield>
<subfield code="b">nb</subfield>
<subfield code="2">rdacarrier</subfield>
</datafield>
<datafield ind1=" " ind2=" " tag="340">
<subfield code="a">Vellum.</subfield>
</datafield>
<datafield ind1=" " ind2=" " tag="500">
<subfield code="a">This is one of the very earliest Mercator charts which would have been useful a useful tool for navigating at sea. It is a copper-plate engraving printed onto vellum, preferred by many seafarers at this time for its resistance to damp.</subfield>
</datafield>
<datafield ind1=" " ind2=" " tag="500">
<subfield code="a">Shows rhumb lines, compass roses. Richly decorated with scrolls, mythical figurres.</subfield>
</datafield>
<datafield ind1=" " ind2=" " tag="530">
<subfield code="a">Also available online.</subfield>
</datafield>
<datafield ind1=" " ind2="0" tag="651">
<subfield code="a">West Indies</subfield>
<subfield code="v">Maps</subfield>
<subfield code="v">Early works to 1800.</subfield>
</datafield>
<datafield ind1=" " ind2="0" tag="651">
<subfield code="a">Islands of the Atlantic</subfield>
<subfield code="v">Maps</subfield>
<subfield code="v">Early works to 1800.</subfield>
</datafield>
<datafield ind1=" " ind2="0" tag="650">
<subfield code="a">Coasts</subfield>
<subfield code="z">Mediterranean Sea</subfield>
<subfield code="v">Maps</subfield>
<subfield code="v">Early works to 1800.</subfield>
</datafield>
<datafield ind1=" " ind2="0" tag="650">
<subfield code="a">Coasts</subfield>
<subfield code="z">Pacific Ocean</subfield>
<subfield code="v">Maps</subfield>
<subfield code="v">Early works to 1800.</subfield>
</datafield>
<datafield ind1=" " ind2="0" tag="650">
<subfield code="a">Coasts</subfield>
<subfield code="z">Atlantic Ocean</subfield>
<subfield code="v">Maps</subfield>
<subfield code="v">Early works to 1800.</subfield>
</datafield>
<datafield ind1=" " ind2="0" tag="650">
<subfield code="a">Nautical charts</subfield>
<subfield code="z">Pacific Ocean</subfield>
<subfield code="v">Early works to 1800.</subfield>
</datafield>
<datafield ind1=" " ind2="0" tag="650">
<subfield code="a">Nautical charts</subfield>
<subfield code="z">Atlantic Ocean</subfield>
<subfield code="v">Early works to 1800.</subfield>
</datafield>
<datafield ind1=" " ind2="0" tag="650">
<subfield code="a">Coasts</subfield>
<subfield code="z">Mediterranean Sea</subfield>
<subfield code="v">Maps</subfield>
<subfield code="v">Early works to 1800.</subfield>
</datafield>
<datafield ind1=" " ind2="7" tag="655">
<subfield code="a">Early maps.</subfield>
<subfield code="2">lcgft</subfield>
</datafield>
<datafield ind1=" " ind2="7" tag="655">
<subfield code="a">Early maps.</subfield>
<subfield code="2">lcgft</subfield>
</datafield>
<datafield ind1=" " ind2="7" tag="655">
<subfield code="a">Nautical charts.</subfield>
<subfield code="2">lcgft</subfield>
</datafield>
<datafield ind1=" " ind2=" " tag="OWN">
<subfield code="a">NET</subfield>
</datafield>
<datafield ind1="0" ind2=" " tag="506">
<subfield code="a">No restrictions on access copy.</subfield>
<subfield code="f">Unrestricted online access</subfield>
<subfield code="2">star</subfield>
<subfield code="5">MH</subfield>
</datafield>
<datafield ind1=" " ind2=" " tag="843">
<subfield code="a">Electronic reproduction.</subfield>
<subfield code="b">Cambridge, Mass. :</subfield>
<subfield code="c">Harvard College Library Digital Imaging Group,</subfield>
<subfield code="d">2013.</subfield>
<subfield code="f">(Harvard Map Collection digital maps. ).</subfield>
<subfield code="7">s2013s^^^^maun^s</subfield>
</datafield>
<datafield ind1=" " ind2=" " tag="852">
<subfield code="b">NET</subfield>
<subfield code="c">GEN</subfield>
</datafield>
<datafield ind1="4" ind2="1" tag="856">
<subfield code="z">Harvard Map Collection copy image</subfield>
<subfield code="u">http://nrs.harvard.edu/urn-3:FHCL:10965797?buttons=y</subfield>
</datafield>
<datafield ind1=" " ind2=" " tag="H08">
<subfield code="a">c</subfield>
<subfield code="b">20130906</subfield>
</datafield>
<datafield ind1=" " ind2=" " tag="H09">
<subfield code="k">netmap</subfield>
</datafield>
<datafield ind1="1" ind2="1" tag="H20">
<subfield code="a">o</subfield>
<subfield code="b">n</subfield>
<subfield code="d">20130906</subfield>
<subfield code="e">LO</subfield>
<subfield code="f">S793</subfield>
<subfield code="g">I</subfield>
</datafield>
<datafield ind1=" " ind2=" " tag="OWN">
<subfield code="a">MAP</subfield>
</datafield>
<datafield ind1=" " ind2=" " tag="XPR">
<subfield code="a">OCLC</subfield>
<subfield code="b">20130725</subfield>
</datafield>
<datafield ind1="0" ind2=" " tag="079">
<subfield code="a">ocn854503325</subfield>
</datafield>
<datafield ind1="2" ind2=" " tag="079">
<subfield code="a">ocn854511700</subfield>
</datafield>
<datafield ind1=" " ind2=" " tag="337">
<subfield code="a">unmediated</subfield>
<subfield code="b">n</subfield>
<subfield code="2">rdamedia</subfield>
</datafield>
<datafield ind1=" " ind2=" " tag="338">
<subfield code="a">sheet</subfield>
<subfield code="b">nb</subfield>
<subfield code="2">rdacarrier</subfield>
</datafield>
<datafield ind1=" " ind2=" " tag="H08">
<subfield code="a">c</subfield>
<subfield code="b">20130725</subfield>
</datafield>
<datafield ind1="0" ind2=" " tag="852">
<subfield code="b">MAP</subfield>
<subfield code="c">MAPLC</subfield>
<subfield code="h">G9100 1659</subfield>
<subfield code="i">.D6</subfield>
<subfield code="m">oversize</subfield>
</datafield>
<datafield ind1="1" ind2="1" tag="H20">
<subfield code="a">o</subfield>
<subfield code="b">p</subfield>
<subfield code="d">20130725</subfield>
<subfield code="e">CA</subfield>
<subfield code="f">440</subfield>
<subfield code="g">I</subfield>
</datafield>
<datafield ind1="1" ind2="1" tag="H21">
<subfield code="a">1</subfield>
<subfield code="b">p</subfield>
<subfield code="d">20130725</subfield>
<subfield code="e">CA</subfield>
<subfield code="f">440</subfield>
</datafield>
</record>