
<?xml version="1.0" encoding="UTF-8"?>
<record xmlns="http://www.loc.gov/MARC21/slim" xmlns:xsi="http://www.w3.org/2001/XMLSchema-instance" xsi:schemaLocation="http://www.loc.gov/MARC21/slim   http://www.loc.gov/standards/marcxml/schema/MARC21slim.xsd">
<leader>     nem  2200193Ia 4500</leader>
<controlfield tag="001">012782439-1</controlfield>
<controlfield tag="005">20110902192652.0</controlfield>
<controlfield tag="008">970528s1730^^^^ne^^^^^^^^a^^^^^0^^^fre^d</controlfield>
<datafield ind1="1" ind2=" " tag="034">
<subfield code="a">a</subfield>
<subfield code="b">70000</subfield>
<subfield code="d">W0644506</subfield>
<subfield code="e">W0644506</subfield>
<subfield code="f">N0321816</subfield>
<subfield code="g">N0321816</subfield>
</datafield>
<datafield ind1="0" ind2=" " tag="035">
<subfield code="a">ocn904879147</subfield>
</datafield>
<datafield ind1=" " ind2=" " tag="052">
<subfield code="a">9120</subfield>
</datafield>
<datafield ind1=" " ind2=" " tag="090">
<subfield code="a">G9120 1730</subfield>
<subfield code="b">.A2</subfield>
</datafield>
<datafield ind1="1" ind2=" " tag="100">
<subfield code="a">Aa, Pieter van der,</subfield>
<subfield code="d">1659-1733.</subfield>
</datafield>
<datafield ind1="0" ind2="0" tag="245">
<subfield code="a">Bermudes, ou iles de Sommer, dans l'Amerique septentrionale :</subfield>
<subfield code="b">avec le regitre des departemens de ce pays aux peuplades angloises /</subfield>
<subfield code="c">données nouvellement au public par Pierre vander Aa, marchand libraire à Leide.</subfield>
</datafield>
<datafield ind1=" " ind2=" " tag="255">
<subfield code="a">Scale [ca. 1:70,000].</subfield>
</datafield>
<datafield ind1=" " ind2=" " tag="260">
<subfield code="a">Amsterdam :</subfield>
<subfield code="b">Chez Cóvens et Mortier,</subfield>
<subfield code="c">[1730?]</subfield>
</datafield>
<datafield ind1=" " ind2=" " tag="300">
<subfield code="a">1 map :</subfield>
<subfield code="b">hand col. ;</subfield>
<subfield code="c">24 cm.</subfield>
</datafield>
<datafield ind1=" " ind2=" " tag="500">
<subfield code="a">Appears in: Atlas nouveau contenant toutes les parties du monde, où sont exactement marqués les empires, monarchies, royaumes, états républiques &amp;c. Amsterdam : Cóvens et Mortier, [1683-1761] 9 v. (v. 9, map no. 70)</subfield>
</datafield>
<datafield ind1=" " ind2=" " tag="530">
<subfield code="a">Also available online.</subfield>
</datafield>
<datafield ind1=" " ind2="0" tag="651">
<subfield code="a">Bermuda Islands</subfield>
<subfield code="v">Maps</subfield>
<subfield code="v">Early works to 1800.</subfield>
</datafield>
<datafield ind1="0" ind2=" " tag="740">
<subfield code="a">Atlas nouveau contenant toutes les parties du monde</subfield>
</datafield>
<datafield ind1="2" ind2=" " tag="710">
<subfield code="a">Cóvens et Mortier.</subfield>
</datafield>
<datafield ind1=" " ind2="0" tag="830">
<subfield code="a">Harvard Map Collection digital maps.</subfield>
<subfield code="p">Bermuda Islands.</subfield>
<subfield code="5">net</subfield>
</datafield>
<datafield ind1=" " ind2=" " tag="OWN">
<subfield code="a">MAP</subfield>
</datafield>
<datafield ind1=" " ind2=" " tag="XPR">
<subfield code="a">OCLC</subfield>
<subfield code="b">20110524</subfield>
</datafield>
<datafield ind1="0" ind2=" " tag="079">
<subfield code="a">ocn904879147</subfield>
</datafield>
<datafield ind1="2" ind2=" " tag="079">
<subfield code="a">ocn904902126</subfield>
</datafield>
<datafield ind1=" " ind2=" " tag="H08">
<subfield code="a">c</subfield>
<subfield code="b">20110524</subfield>
</datafield>
<datafield ind1="0" ind2=" " tag="852">
<subfield code="b">MAP</subfield>
<subfield code="c">MAPLC</subfield>
<subfield code="h">G9120 1730</subfield>
<subfield code="i">.A2</subfield>
</datafield>
<datafield ind1=" " ind2=" " tag="561">
<subfield code="a">Christophe Daniel Ebeling Collection, no. 5011. Gift of Israel Thorndike, 1818.</subfield>
<subfield code="5">map</subfield>
</datafield>
<datafield ind1=" " ind2=" " tag="H10">
<subfield code="a">O20110524^--^CA440</subfield>
<subfield code="b">20110524^0001^050001^F1100001^p0001-00-00-00^CA440</subfield>
<subfield code="e">4</subfield>
</datafield>
<datafield ind1=" " ind2=" " tag="OWN">
<subfield code="a">NET</subfield>
</datafield>
<datafield ind1="0" ind2=" " tag="506">
<subfield code="a">No restrictions on access copy.</subfield>
<subfield code="f">Unrestricted online access</subfield>
<subfield code="2">star</subfield>
<subfield code="5">MH</subfield>
</datafield>
<datafield ind1=" " ind2=" " tag="843">
<subfield code="a">Electronic reproduction.</subfield>
<subfield code="b">Cambridge, Mass. :</subfield>
<subfield code="c">Harvard Map Collection,</subfield>
<subfield code="d">2011.</subfield>
<subfield code="f">(Harvard Map Collection digital maps. Bermuda Islands).</subfield>
<subfield code="7">s2011^^^^maun^s</subfield>
</datafield>
<datafield ind1=" " ind2=" " tag="852">
<subfield code="b">NET</subfield>
<subfield code="c">GEN</subfield>
</datafield>
<datafield ind1="4" ind2="1" tag="856">
<subfield code="z">Harvard Map Collection copy image</subfield>
<subfield code="u">http://nrs.harvard.edu/urn-3:FHCL:5025276?buttons=y</subfield>
</datafield>
<datafield ind1=" " ind2=" " tag="H08">
<subfield code="a">c</subfield>
<subfield code="b">20110805</subfield>
</datafield>
<datafield ind1=" " ind2=" " tag="H09">
<subfield code="k">netmap</subfield>
</datafield>
<datafield ind1=" " ind2=" " tag="H10">
<subfield code="a">O20110805^^CAS95</subfield>
<subfield code="c">20110805^000000^08^000000^n000000-00000-0000-000^F12^0000000^n0000000-000000-00000-0000^CAS95</subfield>
</datafield>
</record>
